fiscalDateEnding|reportedCurrency|grossProfit|totalRevenue|costOfRevenue|costofGoodsAndServicesSold|operatingIncome|sellingGeneralAndAdministrative|researchAndDevelopment|operatingExpenses|investmentIncomeNet|netInterestIncome|interestIncome|interestExpense|nonInterestIncome|otherNonOperatingIncome|depreciation|depreciationAndAmortization|incomeBeforeTax|incomeTaxExpense|interestAndDebtExpense|netIncomeFromContinuingOperations|comprehensiveIncomeNetOfTax|ebit|ebitda|netIncome|ticker
2024-11-24|USD|277800000|1591300000|1582400000|1323100000|18500000|184700000||259300000||-43300000||43300000|1591300000||112200000||-22700000|13400000||-36100000|-152900000|18500000|18500000|-36100000|LW
2024-08-25|USD|356000000|1653500000|1442000000|1298100000|212100000|143900000||143900000||-45200000||45200000|1653500000||81900000|90500000|178200000|50800000||127400000|183100000|212100000|302600000|127400000|LW
2024-05-26|USD|387900000|1613300000|1388400000|1224000000|212500000|175400000|26400000|190800000||-40300000||40300000|1608600000||75000000|-11000000|180400000|50700000||129700000|130300000|212500000|201500000|129700000|LW
2024-02-25|USD|403700000|1449300000|1241500000|1054600000|223900000|179800000||186900000||-35700000||35700000|1449300000||70800000|7100000|189200000|43100000||146100000|128900000|223900000|231000000|146100000|LW
2023-11-26|USD|475600000|1741300000|1429100000|1256500000|305600000|170000000||172600000||-29100000||29100000|1741300000||66500000|2600000|281200000|66200000||215000000|244500000|305600000|308200000|215000000|LW
2023-08-27|USD|499500000|1657900000|1344700000|1165800000|323300000|176200000||178900000||-30700000|30700000|30700000|1657900000||65900000|2700000|304700000|69900000||234800000|235800000|323300000|326000000|234800000|LW
2023-05-28|USD|379400000|1694100000|1511600000|1315500000|187000000|192400000|17200000|213300000||-32800000|32800000|32800000|1693400000|416600000|65500000|3700000|570800000|72000000||498800000|524900000|187000000|190700000|498800000|LW
2023-02-26|USD|397800000|1253600000|988700000|855800000|266300000|131500000||132900000||-25800000|25800000|25800000|1253600000|-23300000|48800000|1400000|217200000|42100000||175100000|183700000|266300000|267700000|175100000|LW
2022-11-27|USD|381600000|1276500000|1006200000|894900000|271800000|109800000||111300000||-24600000|24600000|24600000|1276500000|-107300000|49700000|1500000|139900000|36800000||103100000|87700000|271800000|273300000|103100000|LW
2022-08-28|USD|273300000|1125600000|970000000|852300000|157000000|116300000||117700000||-26000000|26000000|26000000|1125600000|174600000|47300000|1400000|305600000|73700000||231900000|201400000|157000000|158400000|231900000|LW
2022-05-29|USD|254200000|1149700000|1019700000|898900000|136000000|118200000|16200000|137000000||-24900000|24900000|24900000|1149800000|-56700000|47000000|2600000|54400000|22400000|5000000|32000000|23800000|136000000|138600000|32000000|LW
2022-02-27|USD|221000000|955000000|822500000|734000000|133800000|87200000||88500000||-25800000|25800000|25800000|955000000|29700000|45300000|1300000|137700000|31100000|0|106600000|106700000|133800000|135100000|106600000|LW
2021-11-28|USD|205500000|953300000|893700000|801100000|114400000|91100000||92600000||-82400000|82400000|82400000|953300000|10100000|44700000|1500000|42100000|9600000|53300000|32500000|17700000|114400000|115900000|32500000|LW
2021-08-29|USD|151300000|984200000|925500000|832900000|60200000|91100000||92600000||-27900000|27900000|27900000|984200000|6200000|44500000|1500000|38500000|8700000||29800000|7600000|60200000|61700000|29800000|LW
2021-05-30|USD|198000000|1005800000|911900000|809500000|98900000|99100000||115300000||-28700000|28700000|28700000|1008800000|9600000|42800000|3300000|79800000|14300000|5400000|65500000|72200000|98900000|102200000|65500000|LW
2021-02-28|USD|196700000|895800000|796700000|699100000|100600000|96100000||97600000||-29300000|29300000|29300000|895800000|11100000|44800000|1500000|82400000|16300000|0|66100000|81900000|100600000|102100000|66100000|LW
2020-11-29|USD|223500000|896100000|757900000|672600000|139600000|83900000||85300000||-30000000|30000000|30000000|896100000|19200000|45200000|1400000|128800000|31900000||96900000|104900000|139600000|141000000|96900000|LW
2020-08-30|USD|213800000|871500000|736500000|657700000|135700000|78100000||78800000||-30300000|30300000|30300000|871500000|11900000|44900000|700000|117300000|28000000||89300000|128800000|135700000|136400000|89300000|LW
2020-05-31|USD|111100000|846900000|817400000|735800000|30900000|80200000||97000000||-6300000|29200000|6300000|846900000||44600000|1400000|-4400000|-2800000|6300000|4500000|-1500000|30900000|3300000|-1600000|LW
2020-02-23|USD|250400000|938000000|776300000|686900000|162500000|87900000||89400000||-100000|25200000|100000|937300000|9800000|44200000|1500000|147100000|35700000|100000|111400000|104300000|162500000|148700000|111400000|LW
2019-11-24|USD|285100000|1019000000|827300000|734100000|193500000|91600000||93200000||-200000|25400000|200000|1019200000|15000000|43900000|1600000|183100000|42700000|200000|140400000|141100000|193500000|184900000|140400000|LW
2019-08-25|USD|248600000|988800000|820200000|740400000|170000000|78600000||79800000||-200000|28200000|200000|989000000|10600000|42600000|1200000|152400000|36700000|200000|115700000|106800000|170000000|153800000|115700000|LW
2019-05-26|USD|250500000|1003400000|856000000|752900000|148000000|102500000|15400000|118500000||-27100000|27100000|27100000|1003400000||43100000|600000|136100000|25700000||95200000|98400000|148000000|148600000|110400000|LW
2019-02-24|USD|273400000|926800000|733500000|653400000|193800000|79600000|15400000|80100000||-27000000||27000000|926800000|14200000|38700000|500000|181000000|39600000||141400000|144000000|193800000|194300000|141400000|LW
2018-11-25|USD|249000000|911400000|737900000|662400000|174000000|75000000|15400000|75500000||||26200000|911400000|10200000|36900000|500000|153000000|34000000||124000000|111600000|174000000|174500000|119000000|LW
2018-08-26|USD|230600000|914900000|762900000|684300000|152600000|78000000|15400000|78600000||||26800000|914900000|19900000|36800000|600000|142100000|34300000||111400000|103600000|152600000|153200000|107800000|LW
2018-05-27|USD|232700000|918200000|990300000|685500000|133500000|99200000|13500000|110300000||||27700000|918200000||37400000|600000|128100000|28100000||77700000|82300000|133500000|134100000|100000000|LW
2018-02-25|USD|242300000|861800000|619500000|621100000|169200000|73100000|13500000|75300000||||28500000|863400000|26400000|35800000|600000|164300000|7500000||159600000|164800000|169200000|169800000|156800000|LW
2017-11-26|USD|208200000|823600000|615400000|616400000|139800000|68400000||70000000||||27400000|824600000|12100000|33900000|600000|118100000|41500000||83000000|76200000|139800000|140400000|76600000|LW
2017-08-27|USD|196300000|817100000|620800000|621200000|137600000|58700000||59600000||||25200000|817500000|20000000|29300000|500000|127500000|44100000||88300000|98600000|137600000|138100000|83400000|LW
2017-05-28|USD|197700000|830200000|632500000|632500000|122600000|69700000|10600000|88500000||-1100000||1100000|||27900000|500000|117100000|41200000||54700000|86000000|122600000|118700000|75900000|LW
2017-02-26|USD|204900000|768500000|561500000|561500000|145200000|61800000||62300000||-1100000||1100000||12700000|25800000|500000|128200000|44000000||87600000|87000000|145200000|129800000|84200000|LW
2016-11-27|USD|196500000|790700000|591800000|591800000|125500000|73400000||73400000||-6800000||6800000||6200000|25800000|26600000|121100000|33900000||91000000|75300000|127900000|152100000|87200000|LW
2016-08-28|USD|179700000|775400000|595700000|595700000|125000000|55600000||55600000||||1500000|||24700000|25500000|130600000|51000000|||78500000|125000000|154600000|79600000|LW
2016-05-29|USD|182400000|777000000|594600000|594600000|51900000|124900000|6700000|130500000||||1700000|||24000000|24400000|62900000|20300000||294600000|46500000|51900000|76400000|42600000|LW
2016-02-28|USD|181900000|728700000|546800000|546800000|127300000|54600000||54600000||||1500000|||23100000|23600000|160600000|53200000|||104800000|127300000|150900000|107400000|LW
2015-11-29|USD|161800000|740300000|578500000|578500000|109500000|52300000||52300000||||1500000|||23300000|24100000|112000000|38700000|||64700000|109500000|133600000|73300000|LW
2015-08-30|USD|141300000|747800000|606500000|606500000|95700000|56600000||56700000||||1400000||||23800000|94300000|32300000||||84700000|108500000|62000000|LW
