fiscalDateEnding|reportedCurrency|grossProfit|totalRevenue|costOfRevenue|costofGoodsAndServicesSold|operatingIncome|sellingGeneralAndAdministrative|researchAndDevelopment|operatingExpenses|investmentIncomeNet|netInterestIncome|interestIncome|interestExpense|nonInterestIncome|otherNonOperatingIncome|depreciation|depreciationAndAmortization|incomeBeforeTax|incomeTaxExpense|interestAndDebtExpense|netIncomeFromContinuingOperations|comprehensiveIncomeNetOfTax|ebit|ebitda|netIncome|ticker
2024-09-30|USD|2368000000|8503000000|6135000000|3310000000|2047000000|1625000000|1450000000|4275000000||-776000000||776000000|8503000000|||1200000000|3101000000|271000000|776000000|2830000000|2649000000|2047000000|5077000000|2830000000|AMGN
2024-06-30|USD|2300000000|8521000000|6221000000|3236000000|1909000000|1785000000|1447000000|4432000000||-808000000||808000000|8521000000|||1200000000|794000000|48000000|675000000|746000000|781000000|1909000000|2802000000|746000000|AMGN
2024-03-31|USD|548000000|6756000000|6208000000|3200000000|991000000|1808000000|1343000000|4351000000||-824000000||824000000|7580000000|||1200000000|-68000000|45000000|691000000|-86000000|-14000000|991000000|1956000000|-113000000|AMGN
2023-12-31|USD|1127000000|7628000000|6501000000|3112000000|1271000000|2274000000|1534000000|5802000000||-821000000||821000000|8421000000|||1100000000|852000000|85000000|596000000|750000000|604000000|1271000000|2773000000|767000000|AMGN
2023-09-30|USD|2443000000|6326000000|3883000000|1806000000|2021000000|1353000000|1079000000|3156000000||-759000000||759000000|7085000000|||693000000|1947000000|217000000|577000000|1730000000|1884000000|2021000000|3399000000|1730000000|AMGN
2023-06-30|USD|2505000000|6347000000|3842000000|1813000000|2684000000|1294000000|1113000000|3142000000||-752000000||752000000|7099000000|-318000000||693000000|1614000000|235000000|639000000|1379000000|1367000000|2684000000|3059000000|1379000000|AMGN
2023-03-31|USD|2004000000|5675000000|3671000000|1720000000|1921000000|1258000000|1058000000|3009000000||-543000000||543000000|6218000000|2064000000||693000000|3442000000|601000000|430000000|2872000000|2804000000|1921000000|4678000000|2841000000|AMGN
2022-12-31|USD|78000000|78000000|4021000000|1747000000|2230000000|1572000000|1324000000|4101000000||-415000000||415000000|78000000|-67000000||700000000|1748000000|132000000|-78000000|78000000|2037000000|2230000000|2863000000|1616000000|AMGN
2022-09-30|USD|2859000000|6362000000|3503000000|1588000000|2660000000|1287000000|1112000000|3027000000||-368000000||368000000|6730000000|100000000||628000000|2392000000|249000000|290000000|2143000000|2163000000|2660000000|3388000000|2143000000|AMGN
2022-06-30|USD|2800000000|6266000000|3466000000|1510000000|2176000000|1327000000|1039000000|2995000000||-328000000||328000000|6594000000|-317000000||629000000|1531000000|214000000|328000000|1317000000|1408000000|2176000000|2488000000|1317000000|AMGN
2022-03-31|USD|2517000000|5943000000|3426000000|1561000000|2500000000|1228000000|959000000|2824000000||-295000000||295000000|6238000000|-530000000||637000000|1675000000|199000000|295000000|1171000000|1509000000|2500000000|2607000000|1476000000|AMGN
2021-12-31|USD|28685000000|32528000000|3843000000|1718000000|2304000000|1425000000|1348000000|3524000000||-335000000||335000000|32825000000|162000000||700000000|2131000000|232000000|335000000|1899000000|1911000000|2304000000|3166000000|1899000000|AMGN
2021-09-30|USD|2854000000|6410000000|3556000000|1609000000|2378000000|1305000000|1422000000|3361000000||-296000000||296000000|6706000000|73000000||642000000|2155000000|271000000|296000000|1884000000|1944000000|2378000000|3093000000|1884000000|AMGN
2021-06-30|USD|2853000000|6526000000|3673000000|1637000000|828000000|1384000000|2587000000|4713000000||-281000000||281000000|6526000000|11000000||652000000|558000000|94000000|281000000|464000000|429000000|828000000|1491000000|464000000|AMGN
2021-03-31|USD|2503000000|5901000000|3398000000|1490000000|2129000000|1254000000|967000000|2936000000||-285000000||285000000|5901000000|13000000||654000000|1857000000|211000000|285000000|1646000000|1798000000|2129000000|2796000000|1646000000|AMGN
2020-12-31|USD|4737000000|6634000000|1897000000|1597000000|2008000000|1773000000|1229000000|3729000000||-318000000|187000000|318000000|6634000000|187000000||700000000|1877000000|262000000|318000000|4737000000|1533000000|2008000000|2895000000|1615000000|AMGN
2020-09-30|USD|4543000000|6423000000|1880000000|1561000000|2453000000|1346000000|1062000000|3117000000||-302000000|55000000|302000000|6423000000|55000000||708000000|2206000000|185000000|302000000|2021000000|1901000000|2453000000|3216000000|2021000000|AMGN
2020-06-30|USD|4420000000|6206000000|1786000000|1488000000|2323000000|1295000000|964000000|3108000000||-296000000|3000000|296000000||3000000||713000000|2030000000|227000000|296000000|1803000000|1682000000|2323000000|3039000000|1803000000|AMGN
2020-03-31|USD|4381000000|6161000000|1780000000|1513000000|2355000000|1316000000|952000000|3002000000||-346000000|11000000|346000000||11000000||709000000|2020000000|195000000|346000000|1825000000|1691000000|2355000000|3075000000|1825000000|AMGN
2019-12-31|USD|4628000000|6197000000|1569000000|1253000000|2048000000|1513000000|1312000000|3348000000||-301000000|236000000|301000000||236000000||452000000|1983000000|280000000|301000000|4628000000|1563000000|2048000000|2736000000|1703000000|AMGN
2019-09-30|USD|4427000000|5737000000|1310000000|1036000000|2476000000|1223000000|1001000000|2543000000||-313000000|114000000|313000000||114000000||318000000|2277000000|309000000|313000000|1968000000|2045000000|2476000000|2908000000|1968000000|AMGN
2019-06-30|USD|4562000000|5871000000|1309000000|1012000000|2678000000|1260000000|924000000|2496000000||-332000000|218000000|332000000||218000000||315000000|2564000000|385000000|332000000|2179000000|2230000000|2678000000|3211000000|2179000000|AMGN
2019-03-31|USD|4231000000|5557000000|1326000000|1055000000|2472000000|1154000000|879000000|2345000000||-343000000|185000000|343000000||185000000||315000000|2314000000|322000000|343000000|1992000000|2245000000|2472000000|2972000000|1992000000|AMGN
2018-12-31|USD|4905000000|6230000000|1325000000|1096000000|2382000000|1559000000|1182000000|3069000000||-352000000||352000000||155000000||317000000|2185000000|257000000|352000000|4905000000|1968000000|2382000000|2854000000|1928000000|AMGN
2018-09-30|USD|4473000000|5904000000|1431000000|1037000000|2323000000|1293000000|926000000|3205000000||-355000000||355000000||126000000||331000000|2094000000|235000000|355000000|1859000000|1923000000|2323000000|2780000000|1859000000|AMGN
2018-06-30|USD|4655000000|6059000000|1404000000|1024000000|2832000000|1353000000|869000000|2535000000||-347000000||347000000||162000000||332000000|2647000000|351000000|347000000|2296000000|2417000000|2832000000|3326000000|2296000000|AMGN
2018-03-31|USD|4399000000|5554000000|1155000000|944000000|2726000000|1127000000|760000000|2204000000||-338000000||338000000||231000000||320000000|2619000000|308000000|338000000|2311000000|2005000000|2726000000|3277000000|2311000000|AMGN
2017-12-31|USD|4510000000|5802000000|1292000000|1059000000|2245000000|1427000000|1043000000|2777000000||-332000000||332000000||301000000||200000000|2214000000|6478000000|332000000|4510000000|-4500000000|2245000000|2746000000|-4264000000|AMGN
2017-09-30|USD|4463000000|5773000000|1310000000|990000000|2439000000|1170000000|877000000|2652000000||-325000000||325000000||267000000||308000000|2381000000|360000000|325000000|2021000000|2027000000|2439000000|3014000000|2021000000|AMGN
2017-06-30|USD|4550000000|5810000000|1260000000|1024000000|2698000000|1209000000|873000000|2459000000||-321000000||321000000||165000000||371000000|2542000000|391000000|321000000|2151000000|2064000000|2698000000|3234000000|2151000000|AMGN
2017-03-31|USD|4203000000|5464000000|1261000000|996000000|2591000000|1064000000|769000000|2250000000||-326000000||326000000||195000000||373000000|2460000000|389000000|326000000|2071000000|2180000000|2591000000|3159000000|2071000000|AMGN
2016-12-31|USD|4596000000|5965000000|1369000000|1067000000|2485000000|1323000000|1078000000|2832000000||-328000000||328000000||126000000||400000000|2283000000|348000000|328000000|4596000000|1603000000|2485000000|3011000000|1935000000|AMGN
2016-09-30|USD|4489000000|5811000000|1322000000|1027000000|2527000000|1244000000|990000000|2628000000||-325000000||325000000||216000000||371000000|2418000000|401000000|325000000|2017000000|1984000000|2527000000|3114000000|2017000000|AMGN
2016-06-30|USD|4424000000|5688000000|1264000000|1050000000|2380000000|1292000000|900000000|2629000000||-313000000||313000000||137000000||371000000|2204000000|334000000|313000000|1870000000|2032000000|2380000000|2888000000|1870000000|AMGN
2016-03-31|USD|4221000000|5527000000|1306000000|1018000000|2402000000|1203000000|872000000|2476000000||-294000000||294000000||150000000||369000000|2258000000|358000000|294000000|1900000000|2112000000|2402000000|2921000000|1900000000|AMGN
2015-12-31|USD|4258000000|5536000000|1278000000|1071000000|2033000000|1416000000|1093000000|2769000000||-284000000||284000000||164000000||400000000|1913000000|113000000|284000000|4258000000|1557000000|2033000000|2597000000|1800000000|AMGN
2015-09-30|USD|4482000000|5723000000|1241000000|1034000000|2339000000|1244000000|1119000000|2677000000||-282000000||282000000||135000000||340000000|2192000000|329000000|282000000|1863000000|1694000000|2339000000|2814000000|1863000000|AMGN
2015-06-30|USD|4136000000|5370000000|1234000000|1089000000|2076000000|1160000000|964000000|2581000000||-277000000||277000000||198000000||345000000|1997000000|344000000|277000000|1653000000|1448000000|2076000000|2619000000|1653000000|AMGN
2015-03-31|USD|3841000000|5033000000|1192000000|1033000000|2022000000|1026000000|894000000|2376000000||-252000000||252000000||106000000||341000000|1876000000|253000000|252000000|1623000000|1768000000|2022000000|2469000000|1623000000|AMGN
2014-12-31|USD|3991000000|5331000000|1340000000|1183000000|1459000000|1327000000|1234000000|3500000000||-279000000||279000000||88000000||339000000|1286000000|-8000000|279000000|3991000000|1390000000|1459000000|1904000000|1294000000|AMGN
2014-09-30|USD|3780000000|5031000000|1251000000|1068000000|1466000000|1213000000|1018000000|3165000000||-269000000||269000000||140000000||339000000|1337000000|93000000|269000000|1244000000|1263000000|1466000000|1945000000|1244000000|AMGN
2014-06-30|USD|3868000000|5180000000|1312000000|1081000000|1902000000|1136000000|1018000000|2820000000||-282000000||282000000||138000000||341000000|1758000000|211000000|282000000|1547000000|1550000000|1902000000|2381000000|1547000000|AMGN
2014-03-31|USD|3266000000|4521000000|1255000000|1090000000|1364000000|1023000000|1027000000|2683000000||-259000000||259000000||99000000||357000000|1204000000|131000000|259000000|1073000000|1108000000|1364000000|1820000000|1073000000|AMGN
2013-12-31|USD|3770000000|5011000000|1241000000|1029000000|1187000000|1521000000|1249000000|3717000000||-261000000||261000000||88000000||289000000|1014000000|-7000000|261000000|3770000000|957000000|1187000000|1564000000|1021000000|AMGN
2013-09-30|USD|3859000000|4748000000|889000000|788000000|1688000000|1249000000|989000000|2529000000||-257000000||257000000||72000000||117000000|1503000000|135000000|257000000|1368000000|1342000000|1688000000|1877000000|1368000000|AMGN
2013-06-30|USD|3810000000|4679000000|869000000|785000000|1550000000|1256000000|967000000|2585000000||-241000000||241000000||96000000||119000000|1405000000|147000000|241000000|1258000000|1050000000|1550000000|1765000000|1258000000|AMGN
2013-03-31|USD|3407000000|4238000000|831000000|744000000|1442000000|1158000000|878000000|2315000000||-263000000||263000000||164000000||117000000|1343000000|-91000000|263000000|1434000000|1425000000|1442000000|1723000000|1434000000|AMGN
2012-12-31|USD|3415000000|4421000000|1006000000|922000000|1088000000|1373000000|938000000|3300000000||-317000000||317000000||126000000||73000000|923000000|135000000|317000000|3485000000|787000000|1088000000|1287000000|788000000|AMGN
2012-09-30|USD|3426000000|4319000000|893000000|775000000|1423000000|1131000000|880000000|2388000000||-271000000||271000000||111000000||74000000|1263000000|156000000|271000000|1107000000|1103000000|1423000000|1608000000|1107000000|AMGN
2012-06-30|USD|3448000000|4477000000|1029000000|752000000|1589000000|1231000000|826000000|2389000000||-256000000||256000000||124000000||73000000|1457000000|191000000|256000000|1266000000|1311000000|1589000000|1786000000|1266000000|AMGN
2012-03-31|USD|3151000000|4048000000|897000000|750000000|1477000000|1079000000|736000000|2053000000||-235000000||235000000||124000000||74000000|1366000000|182000000|235000000|1184000000|1119000000|1477000000|1675000000|1184000000|AMGN
2011-12-31|USD|3251000000|3973000000|722000000|656000000|1162000000|1221000000|851000000|3063000000||-195000000||195000000||84000000||261000000|1051000000|117000000|195000000|3251000000|987000000|1162000000|1507000000|934000000|AMGN
2011-09-30|USD|3272000000|3944000000|672000000|605000000|525000000|1125000000|761000000|2898000000||-158000000||158000000||87000000||74000000|454000000|0|158000000|454000000|527000000|525000000|686000000|454000000|AMGN
2011-06-30|USD|3291000000|3959000000|668000000|602000000|1332000000|1130000000|819000000|2074000000||-122000000||122000000||129000000||73000000|1339000000|169000000|122000000|1170000000|1224000000|1332000000|1405000000|1170000000|AMGN
2011-03-31|USD|3054000000|3706000000|652000000|564000000|1293000000|1023000000|736000000|1910000000||-135000000||135000000||148000000||74000000|1306000000|181000000|135000000|1125000000|963000000|1293000000|1515000000|1125000000|AMGN
2010-12-31|USD|3188000000|3841000000|653000000|572000000|1068000000|1156000000|854000000|118000000||-162000000||162000000||93000000||261000000|999000000|-23000000|162000000|3188000000|1130000000|1068000000|1422000000|1022000000|AMGN
2010-09-30|USD|3172000000|3816000000|644000000|587000000|1479000000|957000000|719000000|1826000000||-150000000||150000000||105000000||74000000|1434000000|198000000|150000000|1236000000|1236000000|1479000000|1658000000|1236000000|AMGN
2010-06-30|USD|3060000000|3804000000|744000000|553000000|1517000000|986000000|675000000|1808000000||-147000000||147000000||94000000||73000000|1464000000|262000000|147000000|1202000000|1202000000|1517000000|1684000000|1202000000|AMGN
2010-03-31|USD|3020000000|3592000000|572000000|508000000|1481000000|884000000|646000000|1674000000||-145000000||145000000||84000000||74000000|1420000000|253000000|145000000|1167000000|1167000000|1481000000|1639000000|1167000000|AMGN
2009-12-31|USD|3205000000|3809000000|604000000|538000000|1123000000|1180000000|891000000|2238000000||-142000000||142000000||||257000000|1075000000|144000000|142000000|3205000000|859000000|1123000000|1474000000|931000000|AMGN
2009-09-30|USD|3191000000|3812000000|621000000|545000000|1605000000|932000000|647000000|1727000000||-139000000||139000000||74000000||74000000|1540000000|154000000|139000000|1386000000|1386000000|1605000000|1753000000|1386000000|AMGN
2009-06-30|USD|3103000000|3713000000|610000000|531000000|1457000000|910000000|693000000|1802000000||-150000000||150000000||50000000||73000000|1357000000|88000000|150000000|2538000000|1269000000|1457000000|1580000000|1269000000|AMGN
2009-03-31|USD|2761000000|3308000000|547000000|477000000|1321000000|798000000|633000000|1505000000||||99000000||||267000000|1232000000|213000000||||1321000000|1598000000|1019000000|AMGN
2008-12-31|USD|3193000000|3751000000|558000000|558000000|1137000000|1111000000|798000000|2056000000||||57000000||||274000000|1093000000|168000000||||1137000000|1485000000|925000000|AMGN
2008-09-30|USD|3198000000|3875000000|677000000|677000000|1483000000|900000000|729000000|1715000000||||24000000||||268000000|1412000000|291000000||||1483000000|1763000000|1121000000|AMGN
2008-06-30|USD|3249000000|3764000000|515000000|515000000|1179000000|904000000|809000000|2070000000||||275000000||||265000000|1130000000|224000000||||1179000000|1728000000|906000000|AMGN
