fiscalDateEnding|reportedCurrency|grossProfit|totalRevenue|costOfRevenue|costofGoodsAndServicesSold|operatingIncome|sellingGeneralAndAdministrative|researchAndDevelopment|operatingExpenses|investmentIncomeNet|netInterestIncome|interestIncome|interestExpense|nonInterestIncome|otherNonOperatingIncome|depreciation|depreciationAndAmortization|incomeBeforeTax|incomeTaxExpense|interestAndDebtExpense|netIncomeFromContinuingOperations|comprehensiveIncomeNetOfTax|ebit|ebitda|netIncome|ticker
2024-09-30|USD|-6951000000|63694000000|70645000000|47565000000|2576000000|3590000000||4113000000||-376000000||380000000|11349000000|-376000000||436000000|1106000000|367000000|380000000|825000000|1018000000|2576000000|1922000000|739000000|CI
2024-06-30|USD|-7103000000|60523000000|67626000000|44492000000|2412000000|3684000000||4104000000||-375000000||378000000|11454000000|-375000000||420000000|1908000000|360000000|378000000|1629000000|1430000000|2412000000|2706000000|1548000000|CI
2024-03-31|USD|-7184000000|57255000000|64439000000|41431000000|2256000000|3705000000||4147000000||-369000000||369000000|11584000000|-322000000||423000000|14000000|291000000|369000000|-212000000|-737000000|2256000000|806000000|-277000000|CI
2023-12-31|USD|-252000000|51114000000|252000000|35261000000|2060000000|4062000000||252000000||-356000000||356000000|9697000000|-360000000||492000000|-1423000000|-919000000|356000000|-504000000|1284000000|2060000000|-575000000|-504000000|CI
2023-09-30|USD|-6687000000|49048000000|55735000000|33639000000|2240000000|3788000000||4263000000||-353000000|379000000|353000000|10977000000|-365000000||454000000|1799000000|391000000|353000000|1449000000|1167000000|2240000000|2606000000|1408000000|CI
2023-06-30|USD|-6813000000|48586000000|55399000000|33442000000|2221000000|3434000000||3889000000||-350000000|337000000|350000000|11039000000|-363000000||455000000|1834000000|374000000|350000000|1510000000|1351000000|2221000000|2639000000|1460000000|CI
2023-03-31|USD|-7031000000|46517000000|53548000000|31459000000|2015000000|3538000000||3997000000||-345000000|358000000|345000000|11025000000|-358000000||459000000|1562000000|295000000|345000000|1306000000|1156000000|2015000000|2366000000|1267000000|CI
2022-12-31|USD|-6619000000|45751000000|52370000000|32094000000|1713000000|3496000000||4046000000||-355000000|324000000|355000000|9474000000|-324000000||490000000|1297000000|128000000|355000000|1198000000|1906000000|1713000000|2142000000|1169000000|CI
2022-09-30|USD|-5613000000|45281000000|50893000000|31777000000|2142000000|3151000000||1873000000||-317000000|304000000|317000000|11321000000|-304000000||460000000|3470000000|713000000|317000000|2778000000|2772000000|2142000000|4247000000|2757000000|CI
2022-06-30|USD|-5833000000|45478000000|51313000000|31150000000|2371000000|3264000000||3779000000||-316000000|301000000|316000000|10426000000|-301000000||501000000|1970000000|411000000|316000000|1572000000|714000000|2371000000|2787000000|1559000000|CI
2022-03-31|USD|-6101000000|44006000000|50106000000|29813000000|2188000000|3275000000||3757000000||-314000000|299000000|314000000|10356000000|-299000000||458000000|1538000000|355000000|314000000|1198000000|765000000|2188000000|2310000000|1183000000|CI
2021-12-31|USD|-168000000|45688000000|168000000|31247000000|1537000000|3662000000||168000000||-354000000|293000000|354000000|10342000000|-293000000||521000000|-157000000|179000000|1302000000|-336000000|1385000000|1537000000|718000000|-336000000|CI
2021-09-30|USD|-6036000000|44288000000|50324000000|30070000000|2294000000|3093000000||3594000000||-312000000|303000000|312000000|10275000000|-303000000||501000000|2045000000|424000000|0|1635000000|1545000000|2294000000|2858000000|1621000000|CI
2021-06-30|USD|-6337000000|43131000000|49468000000|29001000000|2147000000|2996000000||3499000000||-311000000|298000000|311000000|10313000000|-298000000||503000000|1889000000|422000000|10000000|1476000000|1621000000|2147000000|2703000000|1467000000|CI
2021-03-31|USD|-6048000000|40971000000|47019000000|27235000000|1957000000|3279000000||3774000000||-325000000|314000000|325000000|10083000000|-314000000||495000000|1503000000|342000000|131000000|1171000000|791000000|1957000000|2323000000|1161000000|CI
2020-12-31|USD|-8032000000|41712000000|49744000000|27059000000|1345000000|3966000000||286000000||-337000000|337000000|337000000|14902000000|-337000000||523000000|5371000000|1236000000|1403000000|4142000000|3815000000|1345000000|1868000000|4135000000|CI
2020-09-30|USD|-6321000000|40955000000|47276000000|26624000000|2108000000|3301000000||3794000000||-336000000|336000000|336000000|10682000000|-336000000||493000000|1794000000|406000000|0|1398000000|1635000000|2108000000|2601000000|1388000000|CI
2020-06-30|USD|-4473000000|39265000000|43738000000|25611000000|2639000000|3407000000||3903000000||-374000000|374000000|374000000|10392000000|-374000000||496000000|2283000000|529000000|14000000|1760000000|2493000000|2639000000|3135000000|1754000000|CI
2020-04-30|USD|-199000000||||-199000000||||||||-199000000||||||199000000|-199000000|-199000000|-199000000||-199000000|CI
2020-03-31|USD|-6261000000|38469000000|44730000000|24190000000|2061000000|3398000000||3896000000||-391000000|391000000|391000000|10655000000|-391000000||498000000|1389000000|208000000|185000000|1189000000|595000000|2061000000|2559000000|1181000000|CI
2019-12-31|USD|38245000000|38245000000|45064000000|24103000000|1561000000|3957000000||4700000000||-1601000000|391000000|1601000000|10003000000|-391000000||743000000|1538000000|277000000|1603000000|1261000000|894000000|1561000000|3882000000|1261000000|CI
2019-09-30|USD|-5617000000|38556000000|44173000000|24552000000|2123000000|3413000000||4153000000||-411000000|411000000|0|9935000000|-411000000||740000000|1760000000|409000000|0|1354000000|1458000000|2123000000|2500000000|1351000000|CI
2019-06-30|USD|-5413000000|38819000000|44232000000|24963000000|2163000000|3380000000||4117000000||-428000000|428000000|428000000|9803000000|-428000000||737000000|1756000000|348000000|0|1410000000|1725000000|2163000000|2900000000|1408000000|CI
2019-03-31|USD|-5390000000|37946000000|43336000000|24050000000|2230000000|3303000000||4046000000||-452000000|452000000|452000000|9971000000|-452000000||743000000|1784000000|416000000|0|1372000000|1797000000|2230000000|2973000000|1368000000|CI
2018-12-31|USD|14300000000|14300000000|10125000000|3017000000|559000000|3480000000||200000000||||244000000||-286000000||257000000|309000000|81000000||228000000|290000000|559000000|482000000|228000000|CI
