fiscalDateEnding|reportedCurrency|grossProfit|totalRevenue|costOfRevenue|costofGoodsAndServicesSold|operatingIncome|sellingGeneralAndAdministrative|researchAndDevelopment|operatingExpenses|investmentIncomeNet|netInterestIncome|interestIncome|interestExpense|nonInterestIncome|otherNonOperatingIncome|depreciation|depreciationAndAmortization|incomeBeforeTax|incomeTaxExpense|interestAndDebtExpense|netIncomeFromContinuingOperations|comprehensiveIncomeNetOfTax|ebit|ebitda|netIncome|ticker
2024-09-30|USD|18979000000|50669000000|31690000000|30450000000|11093000000|1191000000||7886000000||-164000000||164000000|48926000000|||4214000000|6480000000|1993000000|164000000|4496000000|4586000000|6644000000|10867000000|4487000000|CVX
2024-06-30|USD|19218000000|51181000000|31963000000|30867000000|11556000000|1048000000||7662000000||-113000000||113000000|49574000000|||4185000000|7027000000|2593000000|113000000|4443000000|4475000000|7140000000|11334000000|4434000000|CVX
2024-03-31|USD|19917000000|48716000000|28799000000|27741000000|12374000000|1010000000||7513000000||-118000000||118000000|46808000000|||4119000000|7872000000|2371000000|118000000|6970000000|5496000000|7990000000|12159000000|5501000000|CVX
2023-12-31|USD|14324000000|47180000000|32856000000|28477000000|6845000000|969000000|320000000|7474000000||-268000000||268000000|47720000000|||3602000000|3506000000|1247000000|268000000|3227000000|1896000000|3774000000|9985000000|2259000000|CVX
2023-09-30|USD|20498000000|54080000000|33582000000|32328000000|13036000000|1163000000||7462000000||-114000000|1199000000|114000000|51922000000|||4197000000|8709000000|2183000000|114000000|6517000000|6640000000|8823000000|8856000000|6526000000|CVX
2023-06-30|USD|18745000000|48896000000|30151000000|28984000000|11560000000|1128000000||7185000000||-120000000|1120000000|120000000|47216000000|||3559000000|7839000000|1829000000|120000000|6008000000|6040000000|7959000000|7960500000|6010000000|CVX
2023-03-31|USD|20467000000|50793000000|30326000000|29407000000|13565000000|881000000||6936000000||-115000000|1473000000|115000000|48785000000|||3631000000|9488000000|2914000000|115000000|8193000000|6631000000|9603000000|9637500000|6574000000|CVX
2022-12-31|USD|18239000000|56473000000|38234000000|32570000000|10384000000|1454000000|268000000|7768000000||-237000000|1500000000|237000000|53502000000|||4995000000|9783000000|3430000000|237000000|7967000000|6728000000|10020000000|14731000000|6353000000|CVX
2022-09-30|USD|27318000000|66644000000|39326000000|38751000000|19933000000|1028000000||7385000000||-128000000|2282000000|128000000|63508000000|||4222000000|14802000000|3571000000|128000000|11229000000|11549000000|14930000000|19137000000|11231000000|CVX
2022-06-30|USD|27909000000|68762000000|40853000000|40684000000|20728000000|863000000||7181000000||-129000000|2338000000|129000000|65372000000|||3799000000|15910000000|4288000000|129000000|11712000000|11783000000|16039000000|19931000000|11622000000|CVX
2022-03-31|USD|20693000000|54373000000|33680000000|33411000000|14088000000|967000000||6506000000||-136000000|1949000000|136000000|52165000000|||3789000000|9036000000|2777000000|136000000|8362000000|6496000000|9172000000|12890000000|6259000000|CVX
2021-12-31|USD|17785000000|48129000000|30344000000|30218000000|11007000000|1271000000|268000000|6158000000||-218000000|1502000000|218000000|45408000000|||4462000000|6958000000|1903000000|478000000|6739000000|5584000000|7176000000|11940000000|5055000000|CVX
2021-09-30|USD|20119000000|44710000000|24591000000|23834000000|14109000000|657000000||6010000000||-174000000|1473000000|174000000|42552000000|||4340000000|8051000000|1940000000|174000000|6120000000|5988000000|8225000000|12529000000|6111000000|CVX
2021-06-30|USD|15707000000|37597000000|21890000000|20629000000|9712000000|1096000000||5995000000||-185000000|1257000000|185000000|36117000000|||4537000000|4410000000|1328000000|185000000|3090000000|3373000000|4595000000|9107000000|3082000000|CVX
2021-03-31|USD|13134000000|32029000000|18895000000|17568000000|7177000000|990000000||5901000000||-198000000|713000000|198000000|31021000000|||4290000000|2156000000|779000000|198000000|2309000000|2403000000|2354000000|6675000000|1377000000|CVX
2020-12-31|USD|5498000000|25246000000|19748000000|15047000000|-529000000|1129000000|435000000|5892000000||-237000000|369000000|237000000|24589000000|||4674000000|-966000000|-301000000|237000000|-88000000|-1770000000|-729000000|3742000000|-665000000|CVX
2020-09-30|USD|9949000000|24451000000|14502000000|13448000000|4513000000|832000000||5436000000||-164000000|346000000|164000000|23997000000|||4020000000|-42000000|165000000|164000000|-209000000|36000000|122000000|4120000000|-207000000|CVX
2020-06-30|USD|2667000000|13494000000|10827000000|8144000000|-4432000000|1569000000||7099000000||-172000000|2903000000|172000000|15926000000|||7512000000|-10590000000|-2320000000|172000000|-8277000000|-8136000000|-10418000000|-3725000000|-8270000000|CVX
2020-03-31|USD|15211000000|31501000000|16290000000|15509000000|9237000000|683000000||5748000000||-162000000|1260000000|162000000|30334000000|||4338000000|4163000000|564000000|162000000|3581000000|3705000000|4325000000|8607000000|3599000000|CVX
2019-12-31|USD|3377000000|36350000000|32973000000|19693000000|-3739000000|1129000000|500000000|5855000000||-197000000|258000000|197000000|35307000000|||16464000000|-8348000000|-1738000000|197000000|-2698000000|-8331000000|-8151000000|8173000000|-6610000000|CVX
2019-09-30|USD|15159000000|36116000000|20957000000|19882000000|8880000000|954000000||6279000000||-197000000|1023000000|197000000|34779000000|||4375000000|4049000000|1469000000|197000000|2580000000|2668000000|4246000000|8646000000|2580000000|CVX
2019-06-30|USD|16842000000|38850000000|22008000000|20835000000|10579000000|1076000000||6263000000||-198000000|987000000|198000000|36323000000|||4371000000|5950000000|1645000000|198000000|4290000000|4407000000|6148000000|10433000000|4305000000|CVX
2019-03-31|USD|14412000000|35200000000|20788000000|19703000000|8542000000|984000000||5950000000||-225000000|592000000|225000000|33968000000|||4180000000|3964000000|1315000000|225000000|2647000000|2734000000|4189000000|8282000000|2649000000|CVX
2018-12-31|USD|15093000000|42352000000|27259000000|23920000000|8368000000|1080000000|453000000|6666000000||-363000000||363000000|40714000000|||5343000000|4905000000|1175000000|363000000|10050000000|4013000000|5268000000|5088000000|3730000000|CVX
2018-09-30|USD|18130000000|43987000000|25857000000|24681000000|12127000000|1018000000||6003000000||-182000000||182000000|42105000000|||5870000000|5687000000|1640000000|182000000|4059000000|4150000000|5869000000|5881000000|4047000000|CVX
2018-06-30|USD|16373000000|42236000000|25863000000|24744000000|10143000000|1017000000||6230000000||-217000000||217000000|40491000000|||4559000000|4892000000|1483000000|217000000|3425000000|3500000000|5109000000|5122000000|3409000000|CVX
2018-03-31|USD|15808000000|37764000000|21956000000|21233000000|10384000000|723000000||5412000000||-159000000||159000000|-51000000|159000000||4334000000|5052000000|1414000000|159000000|5300000000|3768000000|5211000000|5232000000|3638000000|CVX
2017-12-31|USD|10878000000|37616000000|26738000000|21158000000|4347000000|1262000000|433000000|6475000000||-768000000||768000000|-40000000|299000000||4793000000|1473000000|-1638000000|768000000|4054000000|2944000000|2241000000|1654000000|3111000000|CVX
2017-09-30|USD|14324000000|36205000000|21881000000|18776000000|8149000000|1107000000||6175000000||-35000000||35000000|33892000000|1277000000||5230000000|2624000000|672000000|35000000|3022000000|2134000000|2659000000|2693000000|1952000000|CVX
2017-06-30|USD|13393000000|34480000000|21087000000|18325000000|7740000000|927000000||5653000000||-48000000||48000000|32877000000|287000000||5323000000|1937000000|487000000|48000000|2782000000|1572000000|1985000000|2001000000|1450000000|CVX
2017-03-31|USD|13368000000|33421000000|20053000000|17506000000|7842000000|810000000||4762000000||-51000000||51000000|633000000|747000000||4201000000|3112000000|430000000|51000000|3849000000|2799000000|3163000000|3180000000|2682000000|CVX
2016-12-31|USD|9396000000|31497000000|22101000000|11768000000|2708000000|1165000000|476000000|6411000000||-610000000||610000000|331000000|577000000||4220000000|489000000|74000000|610000000|1216000000|415000000|1099000000|570000000|415000000|CVX
2016-09-30|USD|11417000000|30140000000|18723000000|17614000000|5642000000|1109000000||5775000000||-64000000||64000000|-22000000|426000000||4268000000|1091000000|-192000000|64000000|1856000000|1472000000|1155000000|1173000000|1283000000|CVX
2016-06-30|USD|11187000000|29282000000|18095000000|17062000000|5100000000|1033000000||6087000000||-79000000||79000000|-159000000|686000000||6793000000|-2077000000|-607000000|79000000|-711000000|-1352000000|-1998000000|-1991000000|-1470000000|CVX
2016-03-31|USD|9678000000|23553000000|13875000000|12877000000|3276000000|998000000||6375000000||0||0|-216000000|-93000000||4665000000|-1729000000|-1004000000|0|-131000000|-584000000|-1729000000|-2194000000|-725000000|CVX
2015-12-31|USD|5808000000|29247000000|23439000000|16287000000|-1465000000|1303000000|601000000|7162000000||||142000000|400000000|314000000||6444000000|-2243000000|-1655000000||364000000|-330000000|-1465000000|-3443000000|-588000000|CVX
2015-09-30|USD|14004000000|34315000000|20311000000|19247000000|7386000000|1026000000||6618000000||||124000000|234000000|353000000||4373000000|2764000000|727000000||3252000000|2139000000|7386000000|1236000000|2037000000|CVX
2015-06-30|USD|16417000000|40357000000|23940000000|22506000000|9170000000|1170000000||7247000000||||122000000|-48000000|2359000000||7770000000|1326000000|755000000||1777000000|700000000|9170000000|-2165000000|571000000|CVX
2015-03-31|USD|14544000000|34558000000|20014000000|19070000000|8205000000|944000000||5701000000||||107000000|611000000|842000000||4759000000|2872000000|305000000||4001000000|2646000000|8205000000|662000000|2567000000|CVX
2014-12-31|USD|16689000000|46088000000|29399000000|26267000000|8749000000|1368000000|707000000|5916000000||||93000000|2704000000|2422000000||5126000000|5383000000|1912000000||5027000000|2050000000|8749000000|1407000000|3471000000|CVX
2014-09-30|USD|20700000000|54679000000|33979000000|32857000000|13175000000|1122000000||7525000000||||88000000|67000000|945000000||4075000000|8829000000|3236000000||7539000000|5652000000|13175000000|6006000000|5593000000|CVX
2014-06-30|USD|20897000000|57938000000|37041000000|35964000000|-28014000000|1077000000||7443000000||||89000000|-79000000|646000000||4197000000|9002000000|3337000000||7399000000|5702000000|-28014000000|6672000000|5665000000|CVX
2014-03-31|USD|19569000000|53265000000|33696000000|32769000000|-25768000000|927000000||6615000000||||88000000|321000000|365000000||4270000000|7919000000|3407000000||6443000000|4557000000|-25768000000|9911000000|4512000000|CVX
2013-12-31|USD|18909000000|56158000000|37249000000|34819000000|-29051000000|1176000000|750000000|10212000000||||88000000|246000000|384000000||3972000000|8170000000|3240000000||6782000000|7348000000|-29051000000|5990000000|4930000000|CVX
2013-09-30|USD|20261000000|58503000000|38242000000|37045000000|-29407000000|1197000000||7383000000||||87000000|-120000000|265000000||3925000000|8789000000|3839000000||6631000000|5031000000|-29407000000|8835000000|4950000000|CVX
2013-06-30|USD|19849000000|57369000000|37520000000|36381000000|-28931000000|1139000000||7339000000||||53000000|78000000|278000000||3479000000|8550000000|3185000000||7188000000|5556000000|-28931000000|8589000000|5365000000|CVX
2013-03-31|USD|20877000000|56818000000|35941000000|34943000000|-25658000000|998000000||6733000000||||56000000|27000000|238000000||3493000000|10222000000|4044000000||8523000000|6278000000|-25658000000|7761000000|6178000000|CVX
2012-12-31|USD|22022000000|60552000000|38530000000|36090000000|-26554000000|1182000000|648000000|7437000000||||66000000|2530000000|2483000000||4109000000|11924000000|4679000000||9112000000|6434000000|-26554000000|11976000000|7245000000|CVX
2012-09-30|USD|20547000000|58044000000|37497000000|36145000000|-27565000000|1352000000||7046000000||||58000000|-203000000|1110000000||3370000000|9877000000|4624000000||6582000000|5427000000|-27565000000|13302000000|5253000000|CVX
2012-06-30|USD|22657000000|62608000000|39951000000|38701000000|-27596000000|1250000000||6670000000||||59000000|240000000|737000000||3284000000|12333000000|5123000000||9323000000|7353000000|-27596000000|15639000000|7210000000|CVX
2012-03-31|USD|21925000000|60705000000|38780000000|37840000000|-26711000000|940000000||6001000000||||59000000|122000000|100000000||3205000000|12041000000|5570000000||8208000000|6618000000|-26711000000|15274000000|6471000000|CVX
2011-12-31|USD|7040000000|59985000000|52945000000|38076000000|-42980000000|1330000000|627000000|8378000000||||61000000|470000000|391000000||3313000000|9936000000|4813000000||12515000000|3167000000|-42980000000|13278000000|5123000000|CVX
2011-09-30|USD|23743000000|64432000000|40689000000|39574000000|-27349000000|1115000000||6493000000||||72000000|644000000|944000000||3215000000|13312000000|5483000000||7857000000|7880000000|-27349000000|16555000000|7829000000|CVX
2011-06-30|USD|24725000000|68948000000|44223000000|43023000000|-31016000000|1200000000||6460000000||||77000000|279000000|395000000||3257000000|13179000000|5447000000||7760000000|7868000000|-31016000000|16464000000|7732000000|CVX
2011-03-31|USD|21904000000|60341000000|38437000000|37335000000|-27315000000|1100000000||6163000000||||78000000|141000000|242000000||3126000000|11094000000|4883000000||6239000000|6424000000|-27315000000|14248000000|6211000000|CVX
2010-12-31|USD|19846000000|54027000000|34181000000|32245000000|-25415000000|1408000000|526000000|8951000000||-4000000||4000000|341000000|665000000||3439000000|8741000000|3446000000|4000000|5320000000|4769000000|8745000000|45168000000|5295000000|CVX
2010-09-30|USD|17745000000|49718000000|31973000000|30792000000|-25100000000|1181000000||5855000000||-9000000||9000000|58000000|-78000000||3401000000|6849000000|3081000000|9000000|3792000000|3954000000|6858000000|10283000000|3768000000|CVX
2010-06-30|USD|19063000000|53004000000|33941000000|32805000000|-25175000000|1136000000||5744000000||-17000000||17000000||303000000||3141000000|8731000000|3322000000|17000000|5444000000|5502000000|8748000000|11924000000|5409000000|CVX
2010-03-31|USD|17921000000|48179000000|30258000000|29216000000|-22608000000|1042000000||5651000000||-20000000||20000000||203000000||3082000000|7622000000|3070000000|20000000|4580000000|4654000000|7642000000|10752000000|4552000000|CVX
2009-12-31|USD|16654000000|48676000000|32022000000|30692000000|-26201000000|1330000000|603000000|6229000000||0||0|460000000|190000000||3156000000|5789000000|2719000000|0|3102000000|2425000000|5789000000|8977000000|3070000000|CVX
2009-09-30|USD|16400000000|46625000000|30225000000|29048000000|-24037000000|1177000000||5594000000||-14000000||14000000|400000000|373000000||2988000000|6173000000|2342000000|14000000|3846000000|3950000000|6187000000|9190000000|3831000000|CVX
2009-06-30|USD|13450000000|40205000000|26755000000|25712000000|-23409000000|1043000000||5258000000||-6000000||6000000|140000000|-177000000||3099000000|3330000000|1585000000|6000000|1761000000|1852000000|3336000000|6451000000|1745000000|CVX
2009-03-31|USD|9976000000|36130000000|26154000000|22310000000|-22981000000|977000000||4346000000||-8000000||8000000||532000000||2867000000|3156000000|1319000000|8000000|3674000000|1859000000|3164000000|6031000000|1837000000|CVX
2008-12-31|USD|15874000000|45203000000|29329000000|29329000000|7246000000|1492000000|835000000|8628000000||||166000000||||2589000000|7240000000|2345000000|||2921000000|6074000000|8663000000|4895000000|CVX
2008-09-30|USD|23682000000|78867000000|55185000000|55185000000|14341000000|1278000000||9341000000||||59000000||||2449000000|14309000000|6416000000|||7935000000|13339000000|15788000000|7893000000|CVX
2008-06-30|USD|21378000000|82989000000|61611000000|61611000000|11765000000|1639000000||9613000000||||60000000||||2275000000|11731000000|5756000000|||5971000000|11301000000|13576000000|5975000000|CVX
2008-03-31|USD|18710000000|65946000000|47236000000|47236000000|9705000000|1347000000||9005000000||||86000000||||2215000000|9677000000|4509000000|||5223000000|9662000000|11877000000|5168000000|CVX
