fiscalDateEnding|reportedCurrency|grossProfit|totalRevenue|costOfRevenue|costofGoodsAndServicesSold|operatingIncome|sellingGeneralAndAdministrative|researchAndDevelopment|operatingExpenses|investmentIncomeNet|netInterestIncome|interestIncome|interestExpense|nonInterestIncome|otherNonOperatingIncome|depreciation|depreciationAndAmortization|incomeBeforeTax|incomeTaxExpense|interestAndDebtExpense|netIncomeFromContinuingOperations|comprehensiveIncomeNetOfTax|ebit|ebitda|netIncome|ticker
2024-09-30|USD|-43000000|2326000000|2369000000|1565000000|-1232000000|671000000|348000000|1189000000||33000000|33000000|66000000|-52000000|-6000000||170000000|-638000000|-114000000|66000000|-519000000|-86000000|-1232000000|-1062000000|-524000000|CTVA
2024-06-30|USD|2002000000|6112000000|4110000000|2918000000|430000000|1054000000|357000000|1572000000||25000000|25000000|66000000|-82000000|-36000000||174000000|1335000000|282000000|66000000|1056000000|739000000|430000000|604000000|1053000000|CTVA
2024-03-31|USD|990000000|4492000000|3502000000|2550000000|-338000000|736000000|332000000|1328000000||35000000|35000000|41000000|-201000000|-51000000||177000000|525000000|106000000|41000000|376000000|86000000|-338000000|-161000000|419000000|CTVA
2023-12-31|USD|339000000|3707000000|3368000000|2366000000|-1146000000|735000000|357000000|1485000000||130000000|130000000|62000000|-197000000|||176000000|-345000000|-92000000|62000000|-231000000|71000000|-1146000000|-970000000|-253000000|CTVA
2023-09-30|USD|130000000|2590000000|2460000000|1646000000|-1039000000|670000000|335000000|1169000000||59000000|59000000|58000000|-111000000|-84000000||174000000|-450000000|-129000000|58000000|-315000000|-645000000|-1039000000|-865000000|-321000000|CTVA
2023-06-30|USD|1689000000|6045000000|4356000000|3137000000|141000000|1045000000|329000000|1548000000||54000000|54000000|82000000|-170000000|-59000000||174000000|918000000|204000000|82000000|880000000|776000000|141000000|315000000|714000000|CTVA
2023-03-31|USD|1227000000|4884000000|3657000000|2771000000|15000000|726000000|316000000|1212000000||40000000|40000000|31000000|-34000000|-46000000||160000000|764000000|169000000|31000000|607000000|662000000|15000000|175000000|595000000|CTVA
2022-12-31|USD|384000000|3825000000|3441000000|2510000000|-870000000|764000000|340000000|1254000000||49000000|49000000|36000000|-179000000|-60000000||167000000|-217000000|-162000000|36000000|-41000000|731000000|-870000000|-703000000|-55000000|CTVA
2022-09-30|USD|63000000|2777000000|2714000000|1879000000|-1084000000|657000000|312000000|1147000000||36000000|36000000|18000000|30000000|-37000000||178000000|-405000000|-74000000|18000000|-322000000|-700000000|-1084000000|-906000000|-331000000|CTVA
2022-06-30|USD|1733000000|6252000000|4519000000|3323000000|241000000|1017000000|296000000|1492000000||24000000|24000000|16000000|87000000|||179000000|1294000000|325000000|16000000|1002000000|567000000|241000000|420000000|969000000|CTVA
2022-03-31|USD|963000000|4601000000|3638000000|2724000000|-224000000|735000000|268000000|1187000000||15000000|15000000|9000000|-143000000|||179000000|685000000|121000000|9000000|577000000|641000000|-224000000|-45000000|564000000|CTVA
2021-12-31|USD|261000000|3479000000|3218000000|2232000000|-1049000000|806000000|316000000|1310000000||19000000|19000000|8000000|17000000|1348000000||180000000|249000000|90000000|8000000|155000000|906000000|-1049000000|-869000000|159000000|CTVA
2021-09-30|USD|-39000000|2371000000|2410000000|1558000000|-1188000000|672000000|297000000|1149000000||19000000|19000000|8000000|41000000|||180000000|2000000|-28000000|8000000|36000000|-370000000|-1188000000|-1008000000|30000000|CTVA
2021-06-30|USD|1439000000|5627000000|4188000000|3010000000|-32000000|998000000|293000000|1471000000||18000000|18000000|7000000|-89000000|||180000000|1254000000|284000000|7000000|1018000000|1092000000|-32000000|148000000|970000000|CTVA
2021-03-31|USD|842000000|4178000000|3336000000|2420000000|-350000000|733000000|281000000|1192000000||21000000|21000000|7000000|-24000000|||183000000|778000000|178000000|7000000|613000000|123000000|-350000000|-167000000|600000000|CTVA
2020-12-31|USD|1095000000|3207000000|2112000000|2112000000|1095000000|724000000|305000000|1213000000||18000000|36000000|10000000|-141000000|||183000000|-128000000|-169000000|10000000|99000000|947000000|1095000000|1278000000|41000000|CTVA
2020-09-30|USD|-193000000|1863000000|2056000000|1297000000|-1236000000|597000000|284000000|1043000000||11000000|67000000|11000000|-48000000|||162000000|-509000000|-117000000|11000000|-390000000|-343000000|-1236000000|-1074000000|-392000000|CTVA
2020-06-30|USD|1042000000|5191000000|4149000000|2829000000|-551000000|965000000|273000000|1593000000||9000000|9000000|14000000|5000000|||176000000|838000000|78000000|14000000|766000000|848000000|-551000000|-375000000|760000000|CTVA
2020-03-31|USD|697000000|3956000000|3259000000|2269000000|-633000000|757000000|280000000|1330000000||18000000|18000000|10000000|106000000|||163000000|399000000|127000000|10000000|281000000|-391000000|-633000000|-470000000|272000000|CTVA
2019-12-31|USD|960000000|2983000000|2023000000|1968000000|905000000|747000000|290000000|55000000||12000000|13000000|24000000|-76000000||128000000|162000000|-166000000|-145000000|24000000|-42000000|-624000000|905000000|1067000000|-21000000|CTVA
2019-09-30|USD|-230000000|1911000000|2141000000|1349000000|-1311000000|646000000|289000000|1081000000||13000000|13000000|19000000|44000000||126000000|100000000|-598000000|-104000000|19000000|-527000000|-786000000|-1311000000|-1211000000|-494000000|CTVA
2019-06-30|USD|1399000000|5556000000|4157000000|3047000000|20000000|937000000|269000000|1379000000||17000000|17000000|34000000|-100000000||114000000|113000000|-338000000|270000000|34000000|483000000|-763000000|20000000|133000000|-608000000|CTVA
2019-03-31|USD|708000000|3396000000|5580000000|2211000000|-992000000|735000000|299000000|1700000000||23000000|70000000|56000000|-30000000|||320000000|97000000|-67000000|59000000|89000000|90000000|-992000000|-672000000|164000000|CTVA
2018-12-31|USD|2218000000|2815000000|597000000|2024000000|1383000000|694000000|345000000|835000000||||175000000||||698000000|-375000000|156000000|86000000|-715000000|-1620000000|1110000000|1808000000|-531000000|CTVA
2018-09-30|USD|462000000|1947000000|1485000000|1485000000|-584000000|633000000|325000000|1046000000||||82000000|||127000000|682000000|-5129000000|-8000000|82000000|-167000000|-5207000000|-504000000|178000000|-5121000000|CTVA
2018-06-30|USD|2044000000|5731000000|3687000000|3687000000|618000000|965000000|354000000|1426000000||||88000000|||130000000|763000000|627000000|-67000000|88000000|153500000|-1321000000|715000000|1478000000|694000000|CTVA
2018-03-31|USD|1852000000|3794000000|4847000000|2752000000|243000000|959000000|382000000|1609000000||||80000000||||647000000|-80000000|27000000|80000000|153500000|744000000|243000000|890000000|-107000000|CTVA
2017-12-31|USD||3790000000||2915000000||920000000|484000000||||||||||-1039000000|-2221000000|115000000||762000000|||1182000000|CTVA
