fiscalDateEnding|reportedCurrency|grossProfit|totalRevenue|costOfRevenue|costofGoodsAndServicesSold|operatingIncome|sellingGeneralAndAdministrative|researchAndDevelopment|operatingExpenses|investmentIncomeNet|netInterestIncome|interestIncome|interestExpense|nonInterestIncome|otherNonOperatingIncome|depreciation|depreciationAndAmortization|incomeBeforeTax|incomeTaxExpense|interestAndDebtExpense|netIncomeFromContinuingOperations|comprehensiveIncomeNetOfTax|ebit|ebitda|netIncome|ticker
2024-09-30|USD|2596000000|2645000000|49000000|290000000|710000000|49000000||84000000||-18000000||18000000|127000000|220000000||742000000|869000000|210000000|0|708000000|659000000|710000000|1678000000|659000000|FANG
2024-06-30|USD|2437000000|2483000000|46000000|1259000000|1156000000|46000000||65000000||-44000000||44000000|-10000000|19000000||483000000|1089000000|252000000|0|894000000|837000000|1156000000|1673000000|837000000|FANG
2024-03-31|USD|2178000000|2227000000|49000000|1037000000|1118000000|46000000||63000000||-46000000||46000000|-50000000|-42000000||469000000|991000000|223000000|-2000000|809000000|768000000|1118000000|1583000000|768000000|FANG
2023-12-31|USD|2185000000|2228000000|43000000|970000000|1205000000|39000000||70000000||-37000000||37000000|51000000|59000000||469000000|1224000000|264000000|175000000|1011000000|959000000|1205000000|1730000000|960000000|FANG
2023-09-30|USD|2306000000|2340000000|34000000|165000000|1340000000|34000000||81000000||-41000000||41000000|-100000000|-43000000||442000000|1191000000|276000000|0|993000000|915000000|1340000000|1592000000|915000000|FANG
2023-06-30|USD|1882000000|1919000000|37000000|848000000|1000000000|37000000||69000000||-51000000||51000000|1664000000|-216000000||122085|721000000|165000000|4000000|586000000|556000000|1000000000|1413000000|556000000|FANG
2023-03-31|USD|1881000000|1925000000|44000000|818000000|1025000000|40000000||78000000||-46000000||46000000|1810000000|-40000000||464000000|919000000|207000000|0|746000000|712000000|1025000000|1489000000|712000000|FANG
2022-12-31|USD|1991000000|2030000000|39000000|143000000|1256000000|35000000||66000000||-37000000||37000000|2025000000|70000000||365000000|1268000000|261000000|199000000|1028000000|1000000000|1256000000|1617000000|1007000000|FANG
2022-09-30|USD|2403000000|2437000000|34000000|188000000|1614000000|34000000||66000000||-43000000||43000000|2296000000|-11000000||336000000|1474000000|290000000|1000000|1270000000|1184000000|1614000000|1853000000|1184000000|FANG
2022-06-30|USD|2729000000|2768000000|39000000|751000000|1978000000|39000000||39000000||-39000000||39000000|2347000000|-76000000||331000000|1818000000|402000000|4000000|1461000000|1416000000|1978000000|2309000000|1416000000|FANG
2022-03-31|USD|2369000000|2408000000|39000000|169000000|1660000000|36000000||47000000||-40000000||40000000|1363000000|-596000000||313000000|1000000000|221000000|54000000|803000000|779000000|1660000000|1297000000|779000000|FANG
2021-12-31|USD|1973000000|2022000000|49000000|10000000|1311000000|47000000||44000000||-29000000||29000000|1653000000|48000000||320000000|1281000000|279000000|201000000|1051000000|1002000000|1311000000|1621000000|1002000000|FANG
2021-09-30|USD|1872000000|1910000000|38000000|707000000|1164000000|38000000||39000000||-57000000|1000000|57000000|1254000000|-240000000||341000000|842000000|193000000|12000000|674000000|649000000|1164000000|1507000000|649000000|FANG
2021-06-30|USD|1645000000|1681000000|36000000|111000000|955000000|36000000||42000000||-57000000||57000000|870000000|-476000000||341000000|405000000|94000000|0|328000000|311000000|955000000|706000000|311000000|FANG
2021-03-31|USD|1157000000|1184000000|27000000|509000000|571000000|25000000||28000000||-56000000|2000000|56000000|845000000|-227000000||273000000|285000000|65000000|61000000|223000000|220000000|571000000|923000000|220000000|FANG
2020-12-31|USD|-278000000|769000000|1047000000|467000000|-746000000|24000000||1047000000||-50000000|213000000|50000000|553000000|-162000000||268000000|-941000000|-202000000|197000000|-756000000|-739000000|-746000000|545000000|-739000000|FANG
2020-09-30|USD|-802000000|720000000|1522000000|502000000|-1256000000|20000000||1523000000||-53000000|151000000|53000000|597000000|-100000000||286000000|-1417000000|-304000000|2000000|-1105000000|-1113000000|-1256000000|481000000|-1113000000|FANG
2020-06-30|USD|-2135000000|425000000|2560000000|536000000|-2672000000|20000000||2561000000||-46000000|417000000|46000000|258000000|-374000000||343000000|-3074000000|-681000000|3000000|-2411000000|-2393000000|-2672000000|210000000|-2393000000|FANG
2020-03-31|USD|-136000000|899000000|1035000000|664000000|-802000000|24000000||1037000000||-2000000|484000000|2000000|629000000|533000000||407000000|-189000000|83000000|2000000|-400000000|-272000000|-802000000|615000000|-272000000|FANG
2019-12-31|USD|1104000000|1104000000|827000000|660000000|-384000000|36000000||827000000||-169000000|-1000000|168000000|-119000000|-173000000||401000000|-611000000|-124000000|225000000|-260000000|-487000000|-384000000|1763000000|-487000000|FANG
2019-09-30|USD|955000000|975000000|20000000|605000000|349000000|19000000||21000000||-1000000|139000000|1000000|188000000|179000000||365000000|470000000|102000000|0|388000000|368000000|349000000|537000000|368000000|FANG
2019-06-30|USD|996000000|1021000000|25000000|584000000|411000000|22000000||26000000||-2000000|45000000|2000000|1120000000|2000000||359000000|451000000|102000000|0|356000000|349000000|411000000|772000000|349000000|FANG
2019-03-31|USD|585000000|864000000|29000000|515000000|319000000|27000000||30000000||-1000000|310000000|1000000|613000000|1000000||322000000|-23000000|-33000000|1000000|43000000|10000000|319000000|642000000|10000000|FANG
2018-12-31|USD|631759000|633000000|20540000|379828000|195000000|20000000||21419000||-85552000|-843000|84709000|631759000|-170000||231638000|392000000|85000000|85552000|109376000|405809000|195000000|33761000|307000000|FANG
2018-09-30|USD|438983000|537000000|14572000|255666000|268000000|14000000||15512000||-857000||857000|451196000|1962000||146318000|200000000|43000000|857000|159417000|157054000|268000000|315423000|157000000|FANG
2018-06-30|USD|410297000|527000000|14894000|229130000|281000000|15000000||15840000||-686000||686000|422766000|84472000||129867000|212000000|-7000000|686000|301164000|219146000|281000000|335425000|219000000|FANG
2018-03-31|USD|347337000|479000000|69499000|52819000|267000000|16000000||17210000||-748000||748000|-64652000|2736000||115216000|210000000|47000000|748000|178154000|162812000|267000000|270382000|163000000|FANG
2017-12-31|USD|399194000|396972000|56923000|45417000|213663000|10476000||11437000||-10892000|27280000|38172000|399194000|1528000||105078000|90598000|-23961000|37906000|237624000|149055000|213663000|214426000|114559000|FANG
2017-09-30|USD|196752000|249416000|52664000|40419000|142639000|11888000||12245000||-9192000|-8175000|1017000|-42645000|3000||87579000|73881000|857000|1017000|81948000|73024000|142639000|142642000|73024000|FANG
2017-06-30|USD|253120000|299194000|46074000|33832000|132308000|11892000||12242000||-8245000|-7286000|959000|38005000|8324000||75173000|159984000|1579000|959000|164128000|158405000|132308000|215805000|158405000|FANG
2017-03-31|USD|214878000|259044000|44166000|30099000|116410000|13744000||14055000||-12225000|-11373000|852000|36039000|1145000||58929000|138230000|1957000|852000|141074000|136273000|116410000|117555000|136273000|FANG
2016-12-31|USD|185012000|185012000|37392000|26890000|87079000|10208000||-208633000||-10418000|28627000|39045000|-44346000|1417000||51329000|25422000|-176000|72179000|87255000|25724000|87079000|88496000|25598000|FANG
2016-09-30|USD|50328000|131897000|81569000|25023000|6693000|9908000||135438000||-10234000|-9551000|683000|1643000|907000||44746000|-2230000|0|683000|-600000|-2230000|6693000|53968000|-2230000|FANG
2016-06-30|USD|-96775000|102464000|199239000|21109000|-134786000|9524000||247269000||-10019000|-18692000|-8673000|-12658000|177000||39871000|-155122000|368000|-8673000|-157121000|-155490000|-134786000|33743000|-155490000|FANG
2016-03-31|USD|8724000|73777000|65053000|21012000|-27603000|12979000||115084000||-10013000||10013000|-3691000|563000||42069000|-32912000|0|10013000|-35627000|-32912000|-22899000|3776000|-32912000|FANG
2015-12-31|USD|114323000|114323000|244756000|19035000|-187813000|8522000||302136000||-10106000|3000|10109000|-36145000|-563000||48549000|-193896000|-6487000|10109000|-181326000|-187409000|-183787000|29277000|-187409000|FANG
2015-09-30|USD|-203400000|101313000|304713000|23877000|-254773000|7526000||366719000||-10633000||10633000|-7810000|260000||52375000|-238242000|-81461000|10633000|-156042000|-156781000|-227609000|19264000|-156781000|FANG
2015-06-30|USD|-244101000|108789000|352890000|22097000|-299120000|7684000||418183000||-10274000||10274000|-44425000|378000||57096000|-329019000|-116732000|10274000|-211352000|-212287000|-318745000|24764000|-212287000|FANG
2015-03-31|USD|35260000|65698000|30438000|22517000|1437000|8236000||99964000||-10497000||10497000|-25206000|492000||59677000|9219000|3370000|10497000|6439000|5849000|19716000|61629000|5849000|FANG
2014-12-31|USD|131583000|131583000|29554000|23360000|37899000|7375000||93684000||-10424000|1000|10425000|111488000|539000||53641000|154917000|56243000|10425000|-18344000|98674000|165342000|38468000|98674000|FANG
2014-09-30|USD|109262000|129281000|20019000|13876000|63516000|6016000||75611000||-9846000||9846000|16432000|9000||45370000|67717000|23978000|9846000|44641000|43739000|77563000|63556000|43739000|FANG
2014-06-30|USD|105024000|119265000|14241000|10527000|63192000|3610000||63812000||-7739000||7739000|-8876000|-1408000||40021000|42916000|15163000|7739000|27824000|27753000|50655000|61814000|27753000|FANG
2014-03-31|USD|75352000|88168000|12816000|8021000|48063000|4265000||49941000||-6505000||6505000|-3331000|0||458000|37190000|13601000|6505000|37190000|23589000|43695000|44153000|23589000|FANG
2013-12-31|USD|75908000|75908000|9605000|5526000|37726000|3520000||38182000|0|-5949000||5950000|1621000|0||492000|31815000|11691000|5950000|26035000|20124000|37765000|38257000|20124000|FANG
2013-09-30|USD|50059000|56702000|6643000|4787000|29423000|1810000||28368000|1000|-1089000||1089000|-1695000|0||208000|23695000|9099000|1089000|23695000|14596000|24784000|24992000|14596000|FANG
2013-06-30|USD|36733000|44859000|8126000|5726000|19383000|2355000||26011000||-535000||535000|3913000|0||165000|22273000|7802000|535000|14471000|14471000|22808000|22973000|14471000|FANG
2013-03-31|USD|22281000|29970000|7689000|5308000|8662000|2185000||20247000||-485000||485000|1546000|381000||153000|8558000|3162000|485000|5396000|5396000|9043000|9196000|5396000|FANG
2012-12-31|USD|25767000|25767000|13255000|6653000|2177000|6375000||23590000|0|-426000||426000|11000|||147000|2829000|54903000|426000|-52074000|-52074000|3255000|3402000|-52074000|FANG
2012-09-30|USD|10510000|15468000|4958000|3622000|4086000|1323000||12728000|1000|-1130000||1130000||-2476000||6066270|452000|0|1130000|436000|436000|1582000|10109270|452000|FANG
2012-06-30|USD|5981000|16030000|10049000|10049000|4307000|1005000||11723000||||1173000||||5570788|13624000|0||||14797000|10464788|13624000|FANG
2012-03-31|USD|15156701|16004507|847806|847806|6737000|475000||9614000||||881000||||4664942|1477000|0||||2358000|11252286|1477000|FANG
2011-12-31|USD|13403008|14171262|768254|768254|4824000|167000||9972000||||713000||||4281341|-8246146|13685088||||4824000|21990192|-8868000|FANG
2011-09-30|USD|10383000|10971000|588000|588000|2928000|129000||8159000||||718000||||3680119|2089000|718000||||2928000|6494119|2205000|FANG
2011-06-30|USD|10833881|11454827|620946|620946|4067000|1421000||6746694||||601285||||3824672|3472611|601285||||4067000|7914635|3453000|FANG
2011-03-31|USD|9783023|12074812|2291789|2291789|3328000|||6428392||||495768||||4119183|2850961|495768||||3328000|7478026|2824000|FANG
