fiscalDateEnding|reportedCurrency|grossProfit|totalRevenue|costOfRevenue|costofGoodsAndServicesSold|operatingIncome|sellingGeneralAndAdministrative|researchAndDevelopment|operatingExpenses|investmentIncomeNet|netInterestIncome|interestIncome|interestExpense|nonInterestIncome|otherNonOperatingIncome|depreciation|depreciationAndAmortization|incomeBeforeTax|incomeTaxExpense|interestAndDebtExpense|netIncomeFromContinuingOperations|comprehensiveIncomeNetOfTax|ebit|ebitda|netIncome|ticker
2024-12-31|USD|1480700000|4317800000|2837100000|2837100000|953700000|515000000||995800000||-66900000||66900000|4317800000|23500000||27800000|904500000|158300000|66900000|752000000|549800000|953700000|981500000|746200000|APH
2024-09-30|USD|1356900000|4038800000|2681900000|2681900000|819500000|492000000||576400000||-55700000||55700000|4038800000|11200000||84400000|770500000|166100000|55700000|608900000|733000000|819500000|903900000|604400000|APH
2024-06-30|USD|1213100000|3609700000|2396600000|2396600000|698800000|444300000||554700000||-56300000||56300000|3609700000|21300000||40400000|659900000|135100000|56300000|528700000|479200000|698800000|739200000|524800000|APH
2024-03-31|USD|1089000000|3256300000|2167300000|2167300000|684800000|404200000||424600000||-38100000||38100000|3256300000|16000000||20400000|659400000|110700000|38100000|552000000|479400000|697500000|717900000|548700000|APH
2023-12-31|USD|1100400000|3327500000|2227100000|2227100000|690000000|394200000|342200000|779200000||-35000000||35000000|3327500000|10400000||26600000|660700000|146300000|35000000|501600000|638700000|695700000|722300000|514400000|APH
2023-09-30|USD|1048500000|3199200000|2150700000|2150700000|657900000|381600000||408700000||-33600000|33600000|33600000|3199200000|9200000||18100000|629100000|115200000|33600000|518300000|448500000|662700000|680800000|513900000|APH
2023-06-30|USD|991700000|3053900000|2062200000|2062200000|619900000|367800000||389900000||-35000000|35000000|35000000|3053900000|5600000||18100000|591100000|130600000|35000000|465300000|360600000|626100000|644200000|460500000|APH
2023-03-31|USD|943400000|2974000000|2030600000|2030600000|591700000|346300000||374900000||-35900000|35900000|35900000|2974000000|4100000||23200000|556400000|117200000|35900000|442700000|481600000|592300000|615500000|439200000|APH
2022-12-31|USD|1037500000|3239200000|2201700000|2201700000|666100000|361900000|323600000|719300000||-37100000|37100000|37100000|3239200000|3400000||24300000|628900000|121400000|37100000|507500000|644900000|666000000|690300000|507500000|APH
2022-09-30|USD|1060000000|3295200000|2235200000|2235200000|681100000|366900000||400800000||-32800000|32800000|32800000|3295200000|2600000||21900000|647000000|150400000|32800000|496600000|300100000|679800000|701700000|496600000|APH
2022-06-30|USD|1004200000|3136800000|2132600000|2132600000|648800000|355400000||372200000||-30500000|30500000|30500000|3136800000|2300000||16800000|617000000|144500000|30500000|472500000|300100000|647500000|664300000|472500000|APH
2022-03-31|USD|926600000|2951900000|2025300000|2025300000|589800000|336800000||354800000||-28100000|28100000|28100000|2951900000|1700000||18000000|559900000|134200000|28100000|425700000|408700000|588000000|606000000|425700000|APH
2021-12-31|USD|941200000|3026800000|2085600000|2085600000|592900000|333300000|317700000|691100000||-28800000|28800000|28800000|3026800000|-100000||25100000|571300000|106300000|28800000|453900000|514000000|600100000|625200000|465000000|APH
2021-09-30|USD|889900000|2818500000|1928600000|1928600000|571200000|318700000||335100000||-29000000|29000000|29000000|2818500000|0||16400000|547000000|120500000|29000000|418800000|391300000|576000000|592400000|426500000|APH
2021-06-30|USD|843200000|2653900000|1810700000|1810700000|476200000|311600000||399600000||-29100000|29100000|29100000|2653900000|0||32600000|447900000|78100000|29100000|367200000|404500000|477000000|509600000|369800000|APH
2021-03-31|USD|727500000|2377100000|1649600000|1649600000|464800000|262700000||275000000||-28600000|28600000|28600000|2377100000|-300000||12300000|433700000|104100000|28600000|329500000|272700000|462300000|474600000|329600000|APH
2020-12-31|USD|765600000|2426000000|1660400000|1660400000|488400000|265800000|260700000|11500000||-28300000|28300000|28300000|2426000000|200000||12000000|457000000|100000000|28300000|357000000|467300000|485300000|497300000|357000000|APH
2020-09-30|USD|734900000|2323400000|1588500000|1588500000|475800000|259100000||271400000||-28000000|28000000|28000000|2323400000|1000000||12300000|445900000|99300000|28000000|346600000|452800000|473900000|486200000|346600000|APH
2020-06-30|USD|603800000|1987500000|1383700000|1383700000|357400000|246400000||258900000||-30200000|30200000|30200000|1987500000|1300000||12500000|325700000|68000000|30200000|257700000|288200000|355900000|368400000|257700000|APH
2020-03-31|USD|559800000|1862000000|1302200000|1302200000|316900000|242900000||255800000||-28800000|28800000|28800000|1862000000|1100000||12900000|288100000|46000000|28800000|242100000|147900000|316900000|329800000|242100000|APH
2019-12-31|USD|678700000|2151000000|1472300000|1472300000|429800000|248900000|234200000|496400000||-28100000|28100000|28100000|2151000000|1000000||13300000|400600000|81900000|28100000|311800000|381500000|428700000|442000000|318700000|APH
2019-09-30|USD|661900000|2100600000|1438700000|1438700000|413600000|248300000|234200000|261900000||-29700000|29700000|29700000|2086300000|4500000||13600000|372100000|91800000|44000000|282300000|183500000|401800000|415400000|280300000|APH
2019-06-30|USD|647600000|2015300000|1367700000|1367700000|399500000|239200000|234200000|263700000||-30000000|30000000|30000000|2015300000|100000||15600000|367100000|78700000|30000000|290900000|276300000|397100000|412700000|288400000|APH
2019-03-31|USD|627800000|1958500000|1330700000|1330700000|376200000|235100000|234200000|276400000||-29700000||29700000|1958500000|3000000||24800000|347100000|79600000|29700000|269900000|272900000|376800000|401600000|267500000|APH
2018-12-31|USD|715000000|2224700000|1509700000|1509700000|457600000|248900000|220900000|8500000||-26400000||26400000|2224700000|700000||11500000|428800000|90700000|26400000|457600000|308700000|455200000|466700000|338100000|APH
2018-09-30|USD|688200000|2129000000|1440800000|1440800000|444200000|244000000|220900000|255600000||-24800000||24800000|2129000000|200000||11600000|416600000|100000000|24800000|319600000|267900000|441400000|453000000|316600000|APH
2018-06-30|USD|644800000|1981400000|1336600000|1336600000|408200000|236600000|220900000|248500000||-26000000||26000000|1981400000|100000||11900000|379300000|94500000|26000000|287800000|135800000|405300000|417200000|284800000|APH
2018-03-31|USD|606900000|1866900000|1260000000|1260000000|376900000|230000000|220900000|241900000||-24500000||24500000|1866900000|2300000||11900000|352000000|86400000|24500000|268300000|326900000|376500000|388400000|265600000|APH
2017-12-31|USD|635400000|1944000000|1308600000|1308600000|399400000|235900000|193700000|441800000||-25000000||25000000|1943900000|4200000||12200000|375600000|479000000|25000000|399400000|-18200000|400600000|412800000|-103400000|APH
2017-09-30|USD|606100000|1840800000|1234700000|1234700000|377900000|228200000||240500000||-24600000||24600000|1840800000|5100000||12300000|355600000|78100000|24600000|280300000|332400000|380200000|392500000|277500000|APH
2017-06-30|USD|552600000|1666500000|1113900000|1113900000|336200000|212400000||228400000||-23400000||23400000|1666500000|4400000||12000000|315100000|63600000|23400000|253600000|312900000|338500000|350500000|251500000|APH
2017-03-31|USD|515900000|1560100000|1044200000|1044200000|314100000|201800000||213800000||-19300000||19300000|1560100000|3600000||12000000|296000000|71100000|19300000|227300000|291600000|315300000|327300000|224900000|APH
2016-12-31|USD|546100000|1651100000|434400000|1105100000|339100000|206900000|166100000|384800000||-18400000||18400000||3500000||11800000|321300000|85900000|18400000|339100000|63700000|339700000|351500000|235400000|APH
2016-09-30|USD|537300000|1617800000|1321200000|1098600000|326300000|204700000||222600000||-18100000||18100000||2300000||11600000|307700000|83400000|18100000|227100000|255700000|325800000|337400000|224300000|APH
2016-06-30|USD|497300000|1530200000|1259300000|1050900000|300300000|197000000||208400000||-18000000||18000000||1700000||11400000|281800000|75300000|18000000|208700000|175100000|299800000|311200000|206500000|APH
2016-03-31|USD|459200000|1433100000|1231500000|992000000|239400000|189500000||239500000||-18100000||18100000||1000000||19700000|220500000|63900000|18100000|158400000|208700000|238600000|258300000|156600000|APH
2015-12-31|USD|458500000|1430500000|1150600000|972100000|289000000|169400000|124700000|303200000||-17200000||17200000||3900000||9100000|273200000|73100000|17200000|289000000|154300000|290400000|299500000|200100000|APH
2015-09-30|USD|464000000|1442600000|1173700000|995600000|294800000|169200000||178100000||-17000000||17000000||4200000||8900000|279200000|74700000|17000000|207300000|157000000|296200000|305100000|204500000|APH
2015-06-30|USD|432500000|1334400000|1099200000|919000000|260700000|166100000||180200000||-17100000||17100000||4200000||8400000|246200000|67200000|17100000|180600000|194300000|263300000|271700000|179000000|APH
2015-03-31|USD|424600000|1310100000|1075300000|902500000|260200000|164400000||172800000||-17000000||17000000||4100000||8400000|245300000|65500000|17000000|181800000|114100000|262300000|270700000|179800000|APH
2014-12-31|USD|456700000|1426500000|1800000|969990000|278900000|168200000|114800000|1800000||-20159000|41000|20200000||5300000||15900000|262578000|69100000|20159000|278900000|84800000|278900000|298678000|193478000|APH
2014-09-30|USD|431700000|1337653000|1097121000|927087000|267800000|161300000||191123000||-21089000|11000|21100000||4800000||6200000|249507000|67300000|21089000|184160000|137200000|267800000|276807000|182207000|APH
2014-06-30|USD|416800000|1294091000|1064362000|897405000|255800000|161000000||187038000||-20081000|19000|20100000||4300000||6000000|238532000|63600000|20081000|176417000|192400000|255800000|264632000|174932000|APH
2014-03-31|USD|388900000|1227003000|1022239000|857218000|232100000|154800000||184092000||-19071000|29000|19100000||4100000||8300000|215783000|57300000|19071000|159802000|143900000|232100000|243183000|158483000|APH
2013-12-31|USD|389300000|1245735000|3400000|856429000|241400000|144462000|103400000|3400000||-16427000|47000|16474000||3957000||5100000|301360000|60000000|16427000|241360000|233589000|241400000|322934000|241360000|APH
2013-09-30|USD|363800000|1137014000|933579000|789214000|224500000|136828000||160413000||-16048000||16048000||3625000||5000000|211469000|50671000|16048000|161389000|191910000|224500000|232517000|160798000|APH
2013-06-30|USD|359800000|1120446000|916954000|776279000|224000000|135775000||165186000||-15621000||15621000||3033000||4900000|210545000|56557000|15621000|154868000|143950000|224000000|231066000|153988000|APH
2013-03-31|USD|337900000|1064348000|877848000|741913000|207000000|130935000||159675000||-15457000||15457000||2785000||5000000|193679000|40672000|15457000|153613000|128251000|207000000|214136000|153007000|APH
2012-12-31|USD|355451000|1145978000|2000000|790527000|221220000|132264000|92480000|2000000||-15599000|-13000|15586000||2643000||5900000|287893000|66673000|15599000|221220000|136365000|221220000|309379000|221220000|APH
2012-09-30|USD|344329000|1088210000|892406000|759047000|215670000|128659000||156591000||-15166000|2954000|15166000||2636000||4700000|201790000|54340000|15166000|148800000|168080000|215670000|221656000|147450000|APH
2012-06-30|USD|334161000|1046008000|854931000|726946000|206176000|127985000||150694000||-15099000||15099000||2634000||4700000|192760000|51818000|15099000|141893000|110982000|206176000|212559000|140942000|APH
2012-03-31|USD|309271000|967855000|796325000|672333000|185279000|123992000||145232000||-13749000||13749000||2187000||4500000|173032000|46469000|13749000|127248000|142973000|185279000|191281000|126563000|APH
2011-12-31|USD|294837000|948709000|2000000|653872000|164660000|119529000|88877000|2000000||-11144000||11144000||2014000||4100000|196585000|40525000|11144000|156060000|85757000|164660000|211829000|156060000|APH
2011-09-30|USD|323477000|1022256000|833864000|709277000|186059000|124587000||142715000||-10498000|2871000|10498000||2255000||3800000|176381000|41758000|10498000|136058000|85189000|186059000|190679000|134623000|APH
2011-06-30|USD|321222000|1006367000|820677000|696516000|214874000|124161000||142593000||-11371000||11371000||2130000||29851000|204490000|56739000|11371000|148894000|166312000|215861000|244725000|147751000|APH
2011-03-31|USD|304124000|930569000|754500000|636461000|186085000|118039000||134375000||-10016000||10016000||1704000||27357000|176846000|48888000|10016000|128885000|151633000|186862000|213442000|127958000|APH
2010-12-31|USD|310020000|949886000|759332000|639866000|190554000|119466000|77570000|232613000||-10192000||10192000||1598000||26846000|180606000|49493000|10192000|190554000|146446000|190798000|222446000|131113000|APH
2010-09-30|USD|309717000|937895000|759329000|638746000|189134000|120583000||131151000||-10568000||10568000||1251000||26507000|178286000|41018000|10568000|138799000|137268000|188854000|215641000|137268000|APH
2010-06-30|USD|289299000|874830000|709173000|595499000|175625000|113674000||123642000||-9968000||9968000||764000||25149000|165083000|35412000|9968000|131009000|129671000|175051000|200774000|129671000|APH
2010-03-31|USD|249192000|760941000|625910000|521762000|145044000|104148000||114161000||-10013000||10013000||459000||24344000|133705000|35352000|10013000|100138000|98353000|143718000|169388000|98353000|APH
2009-12-31|USD|241632000|758296000|619836000|516664000|138460000|103172000|63978000|117243000||-9496000||9496000||-283000||25601000|121768000|34129000|14071000|138460000|128140000|131264000|164061000|87639000|APH
2009-09-30|USD|224393000|707612000|592283000|492180000|124290000|100103000||109064000||-8961000||8961000||-345000||25153000|112535000|31620000|8961000|83364000|80915000|121496000|149443000|80915000|APH
2009-06-30|USD|214150000|676053000|569706000|471034000|115478000|98672000||107803000||-9131000||9131000||-382000||24779000|104010000|29140000|9131000|76825000|74870000|113141000|115478000|74870000|APH
2009-03-31|USD|206379000|660012000|453633000|453633000|110685000|95694000||95694000||||8998000||-215000||22991000|98832000|24422000||||107830000|133676000|74410000|APH
2008-12-31|USD|240406000|755282000|514876000|514876000|142400000|98006000|68058000|98006000||||10041000||137000||22283000|129685000|30952000||||139726000|151130000|98733000|APH
2008-09-30|USD|281251000|863658000|582407000|582407000|171320000|109931000||109931000||||9772000||179000||23335000|158200000|45245000||||167972000|198003000|112955000|APH
2008-06-30|USD|276590000|846817000|570227000|570227000|168223000|108367000||108367000||||9915000||||22913000|156017000|46022000||||165932000|193427000|109995000|APH
