fiscalDateEnding|reportedCurrency|grossProfit|totalRevenue|costOfRevenue|costofGoodsAndServicesSold|operatingIncome|sellingGeneralAndAdministrative|researchAndDevelopment|operatingExpenses|investmentIncomeNet|netInterestIncome|interestIncome|interestExpense|nonInterestIncome|otherNonOperatingIncome|depreciation|depreciationAndAmortization|incomeBeforeTax|incomeTaxExpense|interestAndDebtExpense|netIncomeFromContinuingOperations|comprehensiveIncomeNetOfTax|ebit|ebitda|netIncome|ticker
2024-11-30|USD|937800000|1316900000|379100000|379100000|538100000|399700000||412100000||36100000|45600000|9500000|1280800000|-700000|29300000|12400000|543700000|130300000||413400000|401800000|538100000|565600000|413400000|PAYX
2024-08-31|USD|938500000|1318500000|380000000|380000000|546700000|391800000||411100000||37500000|47100000|9600000|1281000000|100000|27200000|11800000|557100000|129700000||427400000|492200000|546700000|578500000|427400000|PAYX
2024-05-31|USD|919900000|1295100000|375200000|375200000|481800000|438100000||488600000||28700000|38200000|9500000|1221500000|-2100000|32800000|12800000|491800000|111900000|9500000|379900000|380000000|481800000|514100000|379900000|PAYX
2024-02-29|USD|1059500000|1439300000|379800000|379800000|649800000|409700000||422200000||34000000|43900000|9900000|1395400000|0|32300000|12500000|659200000|160600000|9900000|498600000|520600000|649800000|681600000|498600000|PAYX
2023-11-30|USD|893800000|1257900000|364100000|364100000|506200000|387600000||400500000||23000000|31500000|8500000|1226400000|-100000|32000000|12900000|517900000|125200000|8500000|392700000|408600000|506200000|539300000|392700000|PAYX
2023-08-31|USD|925800000|1286000000|360200000|360200000|536300000|389500000||404600000||23300000|32700000|9400000|1253300000|700000|30400000|10800000|549100000|129900000|9400000|419200000|396000000|536300000|569300000|419200000|PAYX
2023-05-31|USD|859800000|1229600000|369800000|369800000|453300000|406500000||422600000||15500000|24900000|9400000|1194800000|900000|32600000|11500000|463600000|113200000|9400000|350400000|394700000|453300000|484500000|350400000|PAYX
2023-02-28|USD|1008100000|1381000000|372900000|372900000|611900000|396200000||407700000||26300000|35300000|9000000|1345700000|-300000|32700000|11500000|617400000|150000000|9000000|467400000|461500000|611900000|637900000|467400000|PAYX
2022-11-30|USD|831000000|1190300000|359300000|359300000|472300000|358700000||371300000||12500000|21700000|9200000|1168600000|2000000|31700000|12600000|475200000|114900000|9200000|360300000|333400000|472300000|497000000|360300000|PAYX
2022-08-31|USD|855200000|1206200000|351000000|351000000|495600000|359600000||376700000||8800000|17900000|9100000|1188400000|100000|31400000|12600000|492000000|112800000|9100000|379200000|341700000|495600000|513700000|379200000|PAYX
2022-05-31|USD|784300000|1144300000|360000000|360000000|394000000|390300000||413100000||5600000|14700000|9100000|1129700000|2100000|35600000|13500000|388800000|92400000|9100000|296400000|209500000|394000000|411400000|296400000|PAYX
2022-02-28|USD|923800000|1276000000|352200000|352200000|562800000|361000000||374500000||5400000|14400000|9000000|1261600000|0|34900000|13500000|554300000|123600000|9000000|430700000|379900000|562800000|576800000|430700000|PAYX
2021-11-30|USD|776900000|1108500000|331600000|331600000|440300000|336600000||352700000||4800000|14100000|9300000|1094400000|6200000|32500000|16100000|437600000|105500000|9300000|332100000|290800000|440300000|463000000|332100000|PAYX
2021-08-31|USD|770400000|1082900000|312500000|312500000|442900000|327500000||338900000||5300000|14500000|9200000|1068400000|10000000|30700000|15000000|443900000|110300000|9200000|333600000|326900000|442900000|468100000|333600000|PAYX
2021-05-31|USD|713400000|1029200000|315800000|315800000|353800000|359600000||371900000||5500000|14500000|9000000|1014700000|200000|31300000|16100000|345900000|82900000|9000000|263000000|257600000|353800000|371000000|263000000|PAYX
2021-02-28|USD|783300000|1111700000|328400000|328400000|468600000|314700000||330700000||6300000|15100000|8800000|1096600000|2500000|30400000|16000000|462600000|112100000|8800000|350500000|334600000|468600000|487400000|350500000|PAYX
2020-11-30|USD|663800000|983700000|319900000|319900000|354300000|309500000||327700000||5800000|14800000|9000000|968900000|3800000|30400000|18200000|349600000|77200000|9000000|272400000|266000000|354300000|376800000|272400000|PAYX
2020-08-31|USD|625100000|932200000|307100000|307100000|284000000|341100000||354900000||5900000|14900000|9000000|917300000|500000|31300000|18300000|276100000|64500000|9000000|211600000|234600000|284000000|303400000|211600000|PAYX
2020-05-31|USD|623400000|915100000|291700000|291700000|299600000|323800000||-575600000||25300000|34400000|9100000|889800000|-300000|32200000|19500000|291600000|70900000|9100000|220700000|232000000|299600000|320200000|220700000|PAYX
2020-02-29|USD|802400000|1142700000|340300000|340300000|470100000|332300000||672600000||11900000|21200000|9300000|1121500000|300000|30700000|19400000|464200000|109700000|9300000|354500000|388100000|470100000|492900000|354500000|PAYX
2019-11-30|USD|667300000|990700000|323400000|323400000|341700000|325600000||649000000||9800000|19900000|10100000|970800000|2100000|33100000|21900000|337000000|78300000|10100000|258700000|243800000|341700000|369000000|258700000|PAYX
2019-08-31|USD|666600000|992000000|325400000|325400000|349100000|317500000||642900000||10200000|20500000|10300000|971500000|1000000|31800000|21100000|344300000|80100000|10300000|264200000|290600000|349100000|375700000|264200000|PAYX
2019-05-31|USD|980400000|980400000|264200000|322100000|314500000|343800000||665900000||22200000|31400000|9200000|958200000|1000000|34000000|21800000|310500000|80100000|9200000|230400000|249800000|314500000|341500000|230400000|PAYX
2019-02-28|USD|733700000|1070400000|336700000|325300000|429300000|315800000||641100000||16300000|23000000|6700000|1047400000|-100000|32100000|20900000|425600000|101000000|6700000|324600000|352700000|429300000|453200000|324600000|PAYX
2018-11-30|USD|565500000|858900000|293400000|264900000|307200000|286800000||551700000||17500000|18300000|800000|840600000|100000|30200000|6600000|309300000|73500000|800000|235800000|224200000|307200000|316700000|235800000|PAYX
2018-08-31|USD|579300000|862800000|283500000|265500000|320300000|277000000||542500000||16200000|17100000|900000|845700000||29400000|6500000|322600000|79000000|900000|243600000|244000000|320300000|330000000|243600000|PAYX
2018-05-31|USD|871100000|845700000|215300000|266300000|302100000|278200000||543600000||17700000|18400000|700000|828000000||28900000|6800000|315400000|86900000|700000|228500000|208200000|302100000|322900000|228500000|PAYX
2018-02-28|USD|558100000|936100000|308400000|270700000|369000000|294900000||567100000||17000000|18100000|1100000|918000000||31500000|5100000|264500000|4100000|1100000|260400000|349700000|369000000|270700000|260400000|PAYX
2017-11-30|USD|575600000|803000000|250900000|248700000|303100000|251300000||499900000||12700000|14000000|1300000|789000000||28400000|5300000|323000000|106000000|1300000|217000000|165200000|303100000|329600000|217000000|PAYX
2017-08-31|USD|573200000|792900000|243600000|232100000|317300000|243600000||475600000||12900000|13700000|800000|779200000||28100000|3900000|336800000|109000000|800000|227800000|214800000|317300000|341500000|227800000|PAYX
2017-05-31|USD|798600000|798600000|6172900000|231400000|298900000|255900000||487100000||14000000|14600000|600000|||31600000|4600000|300500000|105200000|600000|195300000|219700000|298900000|305700000|195300000|PAYX
2017-02-28|USD|538800000|795800000|257000000|236800000|306600000|252400000||489200000||12600000|13200000|600000|||26400000|4600000|307800000|105300000|600000|202500000|223900000|306600000|313000000|202500000|PAYX
2016-11-30|USD|532900000|771400000|238500000|226300000|311100000|234000000||460300000||10800000|11400000|600000|||25500000|4500000|312000000|109900000|600000|202100000|146100000|311100000|317100000|202100000|PAYX
2016-08-31|USD|543700000|785500000|241800000|225100000|323000000|237400000||462500000||11300000|12000000|700000|||25300000|4400000|324500000|107100000|700000|217400000|227400000|323000000|329600000|217400000|PAYX
2016-05-31|USD|753900000|753900000|5361900000|220300000|276300000|257300000||477600000||12300000|12700000|400000|||25400000|4600000|276100000|98000000|400000|178100000|169800000|276300000|281100000|178100000|PAYX
2016-02-29|USD|500600000|752600000|252000000|225900000|280000000|246700000||472600000||11700000|11900000|200000|||25100000|5300000|281700000|101300000|200000|180400000|197600000|281900000|287200000|180400000|PAYX
2015-11-30|USD|496400000|722400000|226000000|205200000|294200000|223000000||428200000||10800000|11100000|300000|||24700000|3000000|295800000|106600000|300000|189200000|195700000|296100000|299100000|189200000|PAYX
2015-08-31|USD|498800000|723000000|224200000|205700000|296100000|221200000||426900000||10600000|10800000|200000|||24000000|3000000|297500000|88400000|200000|209100000|215400000|297700000|300700000|209100000|PAYX
2015-05-31|USD|692200000|692200000|4440600000|203600000|251600000|237000000||440600000||10800000|10800000|0|||23900000|3600000|253600000|92400000|0|161200000|146900000|251600000|257200000|161200000|PAYX
2015-02-28|USD|471700000|704300000|232600000|211000000|264300000|229000000||440000000||10600000|10700000|100000|||23000000|3600000|265900000|96500000|100000|169400000|168800000|264300000|269600000|169400000|PAYX
2014-11-30|USD|465800000|676300000|210500000|199100000|270200000|207000000||406100000||10100000|10400000|300000|||22500000|3500000|271600000|98600000|300000|173000000|169400000|270200000|275400000|173000000|PAYX
2014-08-31|USD|458000000|666800000|208800000|194300000|267500000|205000000||399300000||9900000|10200000|300000|||22700000|3800000|268900000|97600000|300000|171300000|175800000|267500000|273000000|171300000|PAYX
2014-05-31|USD|639000000|639000000|3616900000|198000000|228300000|212700000||410700000||10200000|10300000|100000|||24100000|4200000|229700000|83800000|100000|145900000|142800000|228300000|234000000|145900000|PAYX
2014-02-28|USD|423600000|650400000|212900000|177100000|250700000|208700000||399700000||10300000|10500000|200000|||22100000|4200000|252200000|92100000|200000|159900000|171000000|250700000|256600000|160100000|PAYX
2013-11-30|USD|412500000|616400000|198000000|167700000|248600000|194200000||367800000||9600000|10000000|400000|||22200000|3800000|249900000|91200000|400000|158700000|177300000|248600000|254100000|158700000|PAYX
2013-08-31|USD|416100000|613100000|191800000|164700000|255100000|188100000||358000000||9600000|10000000|400000|||20700000|3700000|256300000|93500000|400000|162800000|135900000|255100000|260400000|162800000|PAYX
2013-05-31|USD|585300000|585300000|3207500000|170700000|211800000|200500000||373500000||10000000|10000000|0||1400000|20200000|4700000|213200000|89700000|0|123500000|112800000|211800000|217900000|123500000|PAYX
2013-02-28|USD|392200000|593300000|201100000|172100000|225000000|197100000||368300000||10900000|10900000|0||1400000|20100000|4900000|226400000|81900000|0|144500000|137500000|225000000|231300000|144500000|PAYX
2012-11-30|USD|389600000|569400000|179800000|164300000|230000000|175800000||339400000||10000000|10000000|0||1900000|19500000|4700000|231900000|84000000|0|147900000|150300000|230000000|236600000|147900000|PAYX
2012-08-31|USD|397500000|578200000|180700000|164200000|238000000|176700000||340200000||10100000|10200000|100000||1900000|19400000|4700000|239900000|86800000|100000|153100000|152700000|238000000|244700000|153100000|PAYX
2012-05-31|USD|551500000|551500000|889900000|700000000|195900000|186500000||355000000||10800000||100000||1800000|19100000|5800000|197700000|74400000||123300000|117900000|195900000|201700000|123300000|PAYX
2012-02-29|USD|-482200000|569500000|1051700000|863900000|210400000|184900000||359100000||11000000||||1600000|18800000|5800000|212000000|76600000||135400000|144600000|210400000|216200000|135400000|PAYX
2011-11-30|USD|-495700000|545700000|1041400000|873100000|217900000|165100000||327800000||10700000||||1500000|18400000|5700000|219400000|79000000||140400000|130200000|217900000|223600000|140400000|PAYX
2011-08-31|USD|-500500000|563100000|1063600000|891500000|229700000|169300000||333600000||11100000||||1500000|18500000|5700000|231200000|82300000||148900000|155600000|229700000|235400000|148900000|PAYX
2011-05-31|USD|522700000|522700000|1096500000|900000000|182800000|174200000||365600000||12300000||||1400000|18800000|24400000|184200000|65300000||118900000|127100000|182800000|207200000|118900000|PAYX
2011-02-28|USD|-739900000|531300000|1271200000|1100000000|198900000|165800000||332400000||11700000||||1500000|17400000|22800000|200400000|69800000||130600000|120800000|198900000|221700000|130600000|PAYX
2010-11-30|USD|-641700000|512000000|1153700000|1000000000|203900000|149100000||308100000||12000000||||1500000|16000000|20600000|205400000|71500000||133900000|118800000|203900000|224500000|133900000|PAYX
2010-08-31|USD|-610800000|518300000|1129100000|950900000|200800000|157300000||317700000||12100000||||1400000|16200000|20900000|202200000|70300000||131900000|143700000|200800000|221700000|131900000|PAYX
2010-05-31|USD|496200000|496200000|181065000|800000000|173600000|159500000||323381000||||||1281000|16900000|21600000|174900000|59400000||115500000|109400000|173600000|195200000|115500000|PAYX
2010-02-28|USD|332757000|507800000|175062000|841600000|168200000|175100000||339570000||||||1180000|16100000|21600000|169400000|57400000||112007000|110900000|168200000|189800000|112000000|PAYX
2009-11-30|USD|355713000|496600000|140863000|730700000|193100000|140900000||303511000||||||1147000|16000000|21700000|194200000|68300000||125850000|132300000|193100000|214800000|125900000|PAYX
2009-08-31|USD|331586000|500200000|168628000|708400000|189900000|147000000||311292000||||||905000|16400000|21600000|190800000|67200000||123620000|124900000|189900000|211500000|123600000|PAYX
2009-05-31|USD|253607000|495974000|166872000|166872000|174314000|154806000||154747000||||||||22636000|175164000|61405000||||174314000|196950000|113759000|PAYX
2009-02-28|USD|354078000|528581000|174503000|174503000|197401000|156677000||156677000||||||||21486000|198468000|67678000||||197401000|218887000|130790000|PAYX
2008-11-30|USD|353485000|524160000|170675000|170675000|211900000|141585000||141585000||||||||20991000|213832000|73590000||||211900000|232891000|140242000|PAYX
2008-08-31|USD|365617000|534085000|168468000|168468000|221585000|144032000||144032000||||||||20687000|224636000|75927000||||221585000|242272000|148709000|PAYX
