fiscalDateEnding|reportedCurrency|grossProfit|totalRevenue|costOfRevenue|costofGoodsAndServicesSold|operatingIncome|sellingGeneralAndAdministrative|researchAndDevelopment|operatingExpenses|investmentIncomeNet|netInterestIncome|interestIncome|interestExpense|nonInterestIncome|otherNonOperatingIncome|depreciation|depreciationAndAmortization|incomeBeforeTax|incomeTaxExpense|interestAndDebtExpense|netIncomeFromContinuingOperations|comprehensiveIncomeNetOfTax|ebit|ebitda|netIncome|ticker
2024-09-30|USD|1290900000|3851800000|2560900000|2365000000|728200000|102600000||403600000||-184900000||16300000||-400000|262100000|93300000|484400000|97000000|-33800000|448100000|441100000|728200000|594000000|387400000|TRGP
2024-06-30|USD|1173000000|3562000000|2389000000|2197400000|627200000|98300000||389000000||-17600000||17600000|3047700000|-100000|255300000|93300000|392800000|94300000|800000|358900000|276000000|627200000|503700000|298500000|TRGP
2024-03-31|USD|1163000000|4562400000|3399400000|3218000000|639400000|86500000||363400000||-16200000||16200000|3988100000|1700000|247200000|93300000|357900000|82700000|16200000|332600000|223500000|639400000|467400000|275200000|TRGP
2023-12-31|USD|1100100000|4239500000|3139400000|2898500000|635300000|95300000||363400000||-25900000||25900000|3640400000|2100000|245400000|144200000|402100000|102500000|28000000|357600000|390500000|635300000|572200000|299600000|TRGP
2023-09-30|USD|1020600000|3896600000|2876000000|2690000000|505100000|90000000||367700000||-11600000||11600000|3359100000|-100000|235300000|96000000|273900000|53900000|11600000|279000000|83900000|505100000|381500000|220000000|TRGP
2023-06-30|USD|1253800000|3403700000|2149900000|2068900000|649100000|81000000||353600000||-10900000||10900000|2719600000|-2000000|236100000|96000000|425700000|96400000|10900000|387500000|375300000|649100000|532600000|329300000|TRGP
2023-03-31|USD|1321500000|4520500000|3199000000|3019000000|836700000|82400000||339100000||-6700000||6700000|3801800000|-3000000|228800000|96000000|607300000|110300000|6700000|555200000|527100000|836700000|710000000|497000000|TRGP
2022-12-31|USD|1010900000|4554800000|3543900000|3324300000|551400000|92500000||343200000||-10300000||10300000|4087300000|-500000|224300000|125800000|327800000|9800000|10300000|395900000|379400000|551400000|463900000|318000000|TRGP
2022-09-30|USD|974700000|5360100000|4385400000|4306300000|430000000|79100000||333900000||-4000000||4000000|5043500000|-14600000|206500000|80700000|205100000|12000000|4000000|279300000|462800000|430000000|289800000|193100000|TRGP
2022-06-30|USD|937500000|6055800000|5118300000|5047300000|451900000|71000000||286200000||-3100000||3100000|6236800000|500000|241900000|28000000|683500000|87100000|33800000|687600000|738400000|451900000|714600000|596400000|TRGP
2022-03-31|USD|658800000|4959100000|4300300000|4204100000|295800000|67100000||249600000||-2400000||2400000|4888900000|-500000|181100000|28000000|110900000|22900000|18200000|168600000|-99500000|295800000|141300000|88000000|TRGP
2021-12-31|USD|-452300000|5441600000|452300000|4569700000|-91600000|80800000||452300000||-2500000||2500000|5187200000|200000|186900000|46100000|-322300000|-8700000|2500000|-904600000|-102400000|-91600000|-273700000|-313600000|TRGP
2021-09-30|USD|777700000|4459700000|3682000000|3614700000|366500000|67300000||255200000||-1000000||1000000|4201800000|200000|190200000|32700000|184200000|2000000|1000000|288000000|34500000|366500000|217900000|182200000|TRGP
2021-06-30|USD|643200000|3415900000|2772700000|2709000000|245800000|63700000||248100000||-1000000||1000000|3201800000|100000|179100000|32700000|62800000|6600000|1900000|155400000|-79800000|245800000|96500000|56200000|TRGP
2021-03-31|USD|701300000|3632700000|2931400000|2836300000|344100000|61400000||232500000||-700000||700000|3502400000|100000|183400000|32800000|161400000|15000000|15400000|227900000|129800000|344100000|194900000|146400000|TRGP
2020-12-31|USD|899300000|2572800000|1673500000|1781400000|265200000|74000000||289100000||-3300000||3300000|2315600000|1500000|182600000|48800000|72100000|38500000|100000|146000000|-17400000|265200000|124200000|33600000|TRGP
2020-09-30|USD|753300000|2115100000|1361800000|1322900000|295500000|58600000||298500000||-8600000||8600000|1731600000|1400000|168500000|35200000|101200000|31900000|13700000|172200000|-43100000|295500000|145000000|69300000|TRGP
2020-06-30|USD|601400000|1523500000|922100000|880100000|213100000|61500000||244200000||-10200000||10200000|1212300000|800000|169300000|35200000|57800000|-23200000|-21800000|177100000|-65800000|213100000|103200000|81000000|TRGP
2020-03-31|USD|-1681800000|2048900000|3730700000|1202100000|-2077500000|60500000||255700000||-12300000|77400000|12300000|1618500000|0|200700000|38400000|-2033100000|-295300000|-25700000|-1820300000|-1661900000|-2077500000|-1982400000|-1737800000|TRGP
2019-12-31|USD|771100000|2473900000|1702800000|1792300000|-23700000|57200000||225300000||-11700000|72900000|11700000|1207800000||209900000|46200000|-190700000|-77900000|11700000|-23700000|-161200000|-23700000|-132800000|-112800000|TRGP
2019-09-30|USD|574400000|1902500000|1328100000|1328100000|41600000|69900000||270600000||-400000|79100000|400000|1968300000|75800000|201400000|3400000|-51100000|-3800000|400000|32100000|10600000|41600000|-47300000|-47300000|TRGP
2019-06-30|USD|633700000|1995300000|1361600000|1361600000|113700000|72800000||282800000||-17200000|68900000|17200000|1995500000|3200000|194300000|42900000|-13500000|-3300000|17200000|48900000|23900000|113700000|46600000|-10200000|TRGP
2019-03-31|USD|573400000|2299400000|1726000000|1726000000|61300000|81100000||274500000||-18900000|77800000|18900000|2296200000|2800000|194400000|43000000|-41800000|-2900000|20300000|-24700000|-84300000|61300000|20100000|-38900000|TRGP
2018-12-31|USD|589200000|2597600000|2008400000|2008500000|-80900000|80000000||420000000||-15500000||15500000|2597600000||162400000|46400000|-138800000|-32200000|15500000|-80900000|113600000|-80900000|-76900000|-106600000|TRGP
2018-09-30|USD|602900000|2986400000|2383500000|2383500000|76700000|63200000||319200000||-10000000||10000000|2925300000|3000000|161700000|44700000|-27600000|-3900000|10000000|-11200000|-111600000|76700000|27100000|-23700000|TRGP
2018-06-30|USD|539100000|2444400000|1905300000|1905300000|155400000|57000000||132700000||-11200000||11200000|94800000|1900000|156800000|45800000|141900000|32800000|2000000|121100000|36700000|155400000|198900000|109100000|TRGP
2018-03-31|USD|514600000|2455600000|1941000000|1941000000|86300000|56700000||229800000||-9600000||9600000|100000|1500000|152400000|45700000|31800000|8900000|9600000|38900000|92400000|86300000|87100000|22900000|TRGP
2017-12-31|USD|534600000|3456900000|2922300000|2168300000|113500000|53900000||213400000||-52500000|-46500000|6000000|2702800000|100000||49000000|18500000|-264800000|6300000|113500000|296900000|113500000|73500000|283300000|TRGP
2017-09-30|USD|468700000|1875100000|1406400000|1663100000|-323600000|49900000||205700000||-56100000|-51900000|4200000|-300000|200000||49100000|-265000000|-97400000|4200000|-155100000|-232600000|-323600000|-211700000|-167600000|TRGP
2017-06-30|USD|447100000|3673200000|1471600000|1420600000|37200000|51000000||206300000||-62100000|-59700000|2400000|-100000|2300000||49300000|-48400000|-106000000|10700000|70600000|72600000|37200000|3300000|57600000|TRGP
2017-03-31|USD|458400000|4760500000|1745000000|1654200000|50500000|48700000||216700000||-63000000|-61300000|1700000|598300000|-5200000||40800000|-48200000|71100000|7500000|-110500000|-74500000|50500000|-5700000|-119300000|TRGP
2016-12-31|USD|468600000|2013700000|1545100000|1544000000|-97600000|48900000||183000000||-67200000|-66100000|1100000|-400000|-100000||39000000|-247400000|-96700000|95600000|-97600000|-186300000|-97600000|-207300000|-150700000|TRGP
2016-09-30|USD|429600000|3241900000|1268800000|1222700000|51600000|46100000||189100000||-62700000|-61800000|900000|-4700000|1100000||33000000|-19400000|-8700000|-18300000|-5400000|-7700000|51600000|14500000|-10700000|TRGP
2016-06-30|USD|438400000|1664400000|1192200000|1145200000|66300000|47000000||185900000||-71400000|-69900000|1500000|-300000|-100000||39100000|-21500000|1700000|3300000|-19000000|-71900000|66300000|19100000|-23200000|TRGP
2016-03-31|USD|431400000|2832600000|1126500000|1011000000|35500000|45300000||178300000||-52900000|-48100000|4800000|700000|-100000||45000000|400000|3100000|0|-5500000|-21100000|35500000|50200000|-2700000|TRGP
2015-12-31|USD|459800000|1647400000|322600000|1195300000|-206900000|25200000||322600000||-42400000|-38300000|4100000|15800000|-300000||228800000|12500000|-14500000|-3300000|18300000|27400000|-206900000|373200000|27000000|TRGP
2015-09-30|USD|468800000|3193800000|1217300000|1172400000|115300000|44900000||178500000||-67800000|-64200000|3600000|0|-600000||165800000|36700000|24000000|500000|19200000|14500000|115300000|281100000|12700000|TRGP
2015-06-30|USD|471300000|3328600000|1286200000|1237000000|112400000|49200000||186100000||-67600000|-64500000|3100000|-4000000|-900000||162900000|30000000|14800000|3800000|22300000|13400000|112400000|279100000|15200000|TRGP
2015-03-31|USD|421100000|3303700000|1457600000|1268300000|138500000|42600000||154700000||-54100000|-51700000|2400000|-700000|-26000000||119600000|18400000|15200000|20600000|152400000|3700000|138500000|140400000|3200000|TRGP
2014-12-31|USD|398200000|2032900000|3200000|1634700000|163100000|25600000||3200000||-40600000|-131000000|-90400000|4000000|-7400000||97900000|40000000|14400000|12400000|-178400000|30000000|163100000|47500000|25600000|TRGP
2014-09-30|USD|407800000|4539700000|1923500000|1880500000|168700000|43000000||155800000||-36900000||36900000|4400000|-600000||87700000|46200000|15500000|0|125100000|32000000|83100000|170800000|30700000|TRGP
2014-06-30|USD|384000000|4088100000|1719500000|1677900000|150300000|41600000||148200000||-35700000||35700000|400000|-100000||85800000|41900000|15500000|35700000|107400000|26200000|77600000|163400000|26400000|TRGP
2014-03-31|USD|379600000|4672700000|2097700000|1973300000|158400000|38000000||176600000||-33900000||33900000|800000|0||79600000|42100000|22500000|33900000|111800000|19300000|76000000|155600000|19600000|TRGP
2013-12-31|USD|355000000|2159800000|1936700000|1804700000|144900000|39000000||165700000||-36200000||36200000|7000000|0||73200000|38300000|17900000|-112600000|-4900000|19700000|74500000|147700000|20400000|TRGP
2013-09-30|USD|297000000|3080200000|1300600000|1259800000|88500000|37700000||176100000||-33400000||33400000|700000|9100000||69000000|29300000|13000000|40800000|55000000|15000000|62700000|131700000|16300000|TRGP
2013-06-30|USD|265200000|2850800000|1212700000|1176400000|60900000|38400000||174300000||-32400000||32400000|-3900000|6500000||65700000|23000000|8000000|39800000|25400000|16600000|55400000|121100000|15000000|TRGP
2013-03-31|USD|260300000|1365800000|1240300000|1137500000|73900000|36300000||155500000||-32100000||32100000|100000|-200000||64000000|22800000|9400000|32100000|35400000|12300000|54900000|118900000|13400000|TRGP
2012-12-31|USD|260100000|1527300000|1481300000|1267200000|86400000|33300000||151600000||-29800000||29800000|-1600000|-6300000||53300000|23400000|12200000|42600000|-59900000|10200000|53200000|106500000|11200000|TRGP
2012-09-30|USD|240500000|1363500000|1165800000|1153000000|59000000|35700000||144000000||-30000000||30000000|15600000|-1800000||48600000|14700000|6000000|30000000|16800000|4900000|44700000|93300000|8700000|TRGP
2012-06-30|USD|244500000|1288600000|1109700000|1074600000|83200000|35700000||143500000||-30500000||30500000||-400000||48300000|17200000|8600000|30500000|43300000|14600000|47700000|96000000|8600000|TRGP
2012-03-31|USD|261600000|1615300000|-1368600000|-1384200000|107700000|-34900000||-75000000||-30500000||30500000||0||47400000|19700000|10100000|30500000|71300000|10900000|50200000|97600000|9600000|TRGP
2011-12-31|USD|259500000|1934000000|1887400000|1674500000|108300000|31000000||240800000||-28400000||28400000|600000|-600000||46700000|16600000|8100000|28400000|-92100000|6800000|45000000|158200000|8500000|TRGP
2011-09-30|USD|228100000|1685000000|1520900000|1485500000|70800000|35400000||104800000||-26800000||26800000|-1800000|-500000||45600000|12300000|7400000|26800000|38700000|9700000|39100000|118800000|4900000|TRGP
2011-06-30|USD|250500000|1696500000|1512300000|1477200000|98500000|35100000||137900000||-28000000||28000000|-3200000|0||45300000|15800000|5300000|28000000|64600000|10700000|43800000|145100000|10500000|TRGP
2011-03-31|USD|217400000|1618100000|1400600000|1400600000|73500000|34600000||144000000||||28500000||-100000||43400000|12600000|5800000|||1800000|41100000|84500000|6800000|TRGP
2010-12-31|USD|227100000|1527200000|1300100000|1300100000|49600000|54600000||177500000||||27000000||-300000||37300000|-3800000|4000000|||-8200000|23200000|99800000|-7800000|TRGP
2010-09-30|USD|186300000|1220000000|1033700000|1033700000|43300000|27000000||143000000||||30000000||600000||50700000|-8900000|8600000|||-22300000|21100000|104100000|-17500000|TRGP
2010-06-30|USD|182200000|1240100000|1057900000|1057900000|48400000|28000000||133800000||||26400000||100000||43900000|-4700000|6900000|||-8100000|21700000|94700000|-11600000|TRGP
2010-03-31|USD|185900000|1483600000|1297700000|1297700000|54800000|26000000||131100000||||27500000||||42800000|38900000|3000000||||54800000|97900000|21900000|TRGP
