fiscalDateEnding|reportedCurrency|grossProfit|totalRevenue|costOfRevenue|costofGoodsAndServicesSold|operatingIncome|sellingGeneralAndAdministrative|researchAndDevelopment|operatingExpenses|investmentIncomeNet|netInterestIncome|interestIncome|interestExpense|nonInterestIncome|otherNonOperatingIncome|depreciation|depreciationAndAmortization|incomeBeforeTax|incomeTaxExpense|interestAndDebtExpense|netIncomeFromContinuingOperations|comprehensiveIncomeNetOfTax|ebit|ebitda|netIncome|ticker
2024-09-30|USD|6040000000|16106000000|10066000000|10402000000|3147000000|1669000000|533000000|2206000000|108000000|-17000000|108000000|125000000|-158000000|76000000||44000000|3106000000|642000000||2463000000|2977000000|3147000000|3191000000|2464000000|CAT
2024-06-30|USD|6539000000|16689000000|10150000000|10454000000|3482000000|1652000000|535000000|2381000000|118000000|-19000000|118000000|137000000|42000000|155000000||43000000|3517000000|836000000||2681000000|2544000000|3482000000|3525000000|2681000000|CAT
2024-03-31|USD|6137000000|15799000000|9662000000|9922000000|3519000000|1577000000|520000000|2027000000|136000000|-7000000|136000000|143000000|55000000|156000000||44000000|3544000000|688000000||2854000000|2583000000|3519000000|3563000000|2856000000|CAT
2023-12-31|USD|6054000000|17070000000|11016000000|11304000000|3134000000|1756000000|554000000|2341000000|170000000|44000000|170000000|126000000|-81000000|241000000||44000000|3263000000|587000000||2673000000|3088000000|3134000000|3178000000|2676000000|CAT
2023-09-30|USD|6227000000|16810000000|10583000000|10863000000|3449000000|1624000000|554000000|2162000000|135000000|-129000000|129000000|129000000|17000000|195000000||44000000|3528000000|734000000||2793000000|2508000000|3449000000|3493000000|2794000000|CAT
2023-06-30|USD|6253000000|17318000000|11065000000|11310000000|3652000000|1528000000|528000000|2046000000|96000000|-127000000|127000000|127000000|40000000|127000000||64000000|3674000000|752000000||2924000000|2722000000|3652000000|3716000000|2922000000|CAT
2023-03-31|USD|5759000000|15862000000|10103000000|10320000000|2731000000|1463000000|472000000|3094000000|93000000|-129000000|129000000|129000000|-658000000|32000000||66000000|2651000000|708000000||1942000000|2654000000|2731000000|2797000000|1943000000|CAT
2022-12-31|USD|4983000000|16597000000|11614000000|11802000000|1680000000|1479000000|401000000|2981000000|69000000|-117000000|117000000|117000000|-301000000|536000000||71000000|2098000000|644000000||1454000000|2350000000|1680000000|1751000000|1454000000|CAT
2022-09-30|USD|4792000000|14994000000|10202000000|10353000000|2425000000|1401000000|476000000|1891000000|52000000|-109000000|109000000|109000000|134000000|242000000||70000000|2568000000|527000000||2040000000|1187000000|2425000000|2495000000|2041000000|CAT
2022-06-30|USD|4272000000|14247000000|9975000000|10095000000|1944000000|1425000000|480000000|1895000000|25000000|-108000000|94000000|108000000|224000000|260000000||71000000|2100000000|427000000||1673000000|884000000|1944000000|2015000000|1673000000|CAT
2022-03-31|USD|4030000000|13589000000|9559000000|9665000000|1855000000|1346000000|457000000|1776000000|21000000|-109000000|53000000|109000000|47000000|253000000||72000000|2006000000|469000000||1537000000|1380000000|1855000000|1927000000|1537000000|CAT
2021-12-31|USD|3795000000|13798000000|10003000000|10106000000|1611000000|1422000000|439000000|1785000000|16000000|-112000000|112000000|112000000|0|1063000000||74000000|2549000000|429000000||2120000000|2007000000|1611000000|1685000000|2120000000|CAT
2021-09-30|USD|3780000000|12397000000|8617000000|8728000000|1664000000|1340000000|427000000|1757000000|20000000|-114000000|114000000|114000000|47000000|225000000||75000000|1794000000|368000000||1428000000|1140000000|1664000000|1739000000|1426000000|CAT
2021-06-30|USD|4008000000|12889000000|8881000000|8997000000|1789000000|1364000000|446000000|1787000000|21000000|-120000000|120000000|120000000|-32000000|201000000||76000000|1883000000|470000000||1414000000|1549000000|1789000000|1865000000|1413000000|CAT
2021-03-31|USD|3875000000|11887000000|8012000000|8137000000|1814000000|1239000000|374000000|1629000000|23000000|-142000000|142000000|142000000|95000000|325000000||77000000|2005000000|475000000||1531000000|1128000000|1814000000|1891000000|1530000000|CAT
2020-12-31|USD|2786000000|11235000000|7784000000|7912000000|1380000000|1216000000|374000000|1600000000|21000000|-130000000|130000000|130000000|-71000000|-309000000||75000000|2953000000|167000000||2786000000|1340000000|1380000000|1455000000|2786000000|CAT
2020-09-30|USD|2309000000|9881000000|6919000000|7056000000|985000000|1126000000|344000000|1535000000|21000000|-136000000|149000000|136000000|-43000000|14000000||78000000|855000000|187000000||671000000|1035000000|985000000|1063000000|668000000|CAT
2020-06-30|USD|2197000000|9997000000|7113000000|7262000000|784000000|1179000000|341000000|1626000000|27000000|-135000000|75000000|135000000|-4000000|29000000||78000000|685000000|227000000||459000000|655000000|784000000|862000000|458000000|CAT
2020-03-31|USD|2648000000|10635000000|7266000000|7441000000|1404000000|1121000000|356000000|1469000000|43000000|-113000000|203000000|113000000|-75000000|222000000||80000000|1517000000|425000000||1093000000|647000000|1404000000|1484000000|1092000000|CAT
2019-12-31|USD|3269000000|13144000000|9117000000|9300000000|1850000000|1283000000|386000000|11294000000|46000000|-112000000|93000000|112000000|-33000000|-373000000||80000000|3545000000|276000000||3269000000|1314000000|1850000000|1930000000|3269000000|CAT
2019-09-30|USD|3405000000|12758000000|8569000000|8758000000|2020000000|1251000000|431000000|10738000000|50000000|-103000000|48000000|103000000|-5000000|88000000||81000000|2012000000|518000000||1494000000|1210000000|2020000000|2101000000|1494000000|CAT
2019-06-30|USD|3730000000|14432000000|9941000000|10133000000|2213000000|1309000000|441000000|12219000000|54000000|-103000000|92000000|103000000|-47000000|68000000||81000000|2185000000|565000000||1619000000|1709000000|2213000000|2294000000|1620000000|CAT
2019-03-31|USD|3721000000|13466000000|9003000000|9193000000|2207000000|1319000000|435000000|11259000000|52000000|-103000000|6000000|103000000|18000000|160000000||82000000|2268000000|387000000||1884000000|1869000000|2207000000|2289000000|1881000000|CAT
2018-12-31|USD|3643000000|14342000000|9987000000|10176000000|1883000000|1463000000|466000000|12459000000|56000000|||99000000|-41000000|-417000000||83000000|3964000000|321000000||3643000000|932000000|1883000000|1966000000|3643000000|CAT
2018-09-30|USD|3741000000|13510000000|9022000000|9207000000|2135000000|1299000000|479000000|11375000000|59000000|||102000000|-81000000|102000000||82000000|2142000000|415000000||1727000000|1655000000|2135000000|2217000000|1727000000|CAT
2018-06-30|USD|3857000000|14011000000|9422000000|9422000000|2167000000|1440000000|462000000|11844000000|45000000|||102000000|-60000000|121000000||83000000|2197000000|490000000||1705000000|1227000000|2167000000|2250000000|1707000000|CAT
2018-03-31|USD|3584000000|12859000000|8566000000|8566000000|2108000000|1276000000|443000000|10751000000|36000000|||101000000|-19000000|127000000||83000000|2137000000|472000000||1667000000|1852000000|2108000000|2191000000|1665000000|CAT
2017-12-31|USD|3229000000|12896000000|8965000000|8889000000|1387000000|1380000000|498000000|11509000000|36000000|||169000000|-24000000|-107000000||82000000|5128000000|2418000000||2710000000|-1258000000|1387000000|1469000000|2710000000|CAT
2017-09-30|USD|3035000000|11413000000|7678000000|7633000000|1509000000|1254000000|461000000|9904000000|32000000|||118000000|-29000000|132000000||82000000|1529000000|470000000||1061000000|1297000000|1509000000|1591000000|1059000000|CAT
2017-06-30|USD|2823000000|11331000000|7816000000|7769000000|1184000000|1304000000|458000000|10147000000|32000000|||121000000|-112000000|96000000||80000000|1163000000|361000000||803000000|1158000000|1184000000|1264000000|802000000|CAT
2017-03-31|USD|2329000000|9822000000|6801000000|6758000000|380000000|1061000000|425000000|9442000000|22000000|||123000000|-48000000|32000000||79000000|282000000|90000000||194000000|404000000|380000000|459000000|192000000|CAT
2016-12-31|USD|1344000000|9574000000|8230000000|7541000000|-598000000|1180000000|424000000|10172000000||||120000000||-630000000||80000000|174000000|-180000000||354000000|-1683000000|-598000000|-518000000|354000000|CAT
2016-09-30|USD|1936000000|9160000000|7224000000|6527000000|481000000|992000000|453000000|8679000000||||126000000||28000000||82000000|379000000|96000000||283000000|389000000|481000000|563000000|283000000|CAT
2016-06-30|USD|2226000000|10342000000|8116000000|7419000000|785000000|1123000000|468000000|9557000000||||130000000||84000000||82000000|734000000|184000000||553000000|410000000|785000000|867000000|550000000|CAT
2016-03-31|USD|1958000000|9461000000|7503000000|6822000000|494000000|1088000000|508000000|8967000000||||129000000||0||82000000|363000000|92000000||272000000|813000000|494000000|576000000|271000000|CAT
2015-12-31|USD|2078000000|11030000000|8952000000|8183000000|-175000000|1255000000|572000000|11205000000||||126000000||54000000||82000000|1295000000|-158000000||1453000000|-268000000|-175000000|-93000000|1453000000|CAT
2015-09-30|USD|2413000000|10962000000|8549000000|7954000000|925000000|1129000000|513000000|10037000000||||127000000||-15000000||81000000|586000000|218000000||371000000|292000000|925000000|1006000000|368000000|CAT
2015-06-30|USD|2909000000|12317000000|9408000000|8762000000|1333000000|1318000000|510000000|10984000000||||125000000||-72000000||87000000|1045000000|335000000||711000000|1046000000|1333000000|1420000000|710000000|CAT
2015-03-31|USD|3201000000|12702000000|9501000000|8843000000|1702000000|1249000000|524000000|11000000000||||129000000||194000000||87000000|1632000000|521000000||1114000000|466000000|1702000000|1789000000|1111000000|CAT
2014-12-31|USD|3001000000|14244000000|11243000000|10499000000|-951000000|2354000000|823000000|15195000000||||126000000||86000000||89000000|2492000000|-509000000||3001000000|-1317000000|-951000000|-862000000|3001000000|CAT
2014-09-30|USD|3124000000|13549000000|10425000000|9634000000|1392000000|1446000000|533000000|12157000000||||128000000||117000000||91000000|1381000000|364000000||1021000000|343000000|1392000000|1483000000|1017000000|CAT
2014-06-30|USD|3194000000|14150000000|10956000000|10197000000|1475000000|1437000000|516000000|12675000000||||120000000||65000000||93000000|1418000000|419000000||1002000000|1117000000|1475000000|1568000000|999000000|CAT
2014-03-31|USD|3056000000|13241000000|10185000000|9437000000|1398000000|1292000000|508000000|11843000000||||110000000||54000000||92000000|1340000000|418000000||925000000|1019000000|1398000000|1490000000|922000000|CAT
2013-12-31|USD|3105000000|14402000000|11297000000|10541000000|1452000000|1417000000|467000000|12950000000||||109000000||44000000||95000000|3549000000|376000000||3173000000|3352000000|1452000000|1547000000|3173000000|CAT
2013-09-30|USD|2904000000|13423000000|10519000000|9774000000|1401000000|1319000000|469000000|12022000000||||116000000||-24000000||91000000|1256000000|310000000||950000000|1397000000|1401000000|1492000000|946000000|CAT
2013-06-30|USD|3113000000|14621000000|11508000000|10773000000|1557000000|1421000000|548000000|13064000000||||120000000||-84000000||91000000|1347000000|387000000||965000000|931000000|1557000000|1648000000|960000000|CAT
2013-03-31|USD|2845000000|13210000000|10365000000|9639000000|1218000000|1390000000|562000000|11992000000||||120000000||29000000||94000000|1126000000|246000000||882000000|644000000|1218000000|1312000000|880000000|CAT
2012-12-31|USD|3458000000|16075000000|12617000000|11899000000|1038000000|1591000000|613000000|15037000000||||115000000||-11000000||93000000|3092000000|214000000||2878000000|252000000|1038000000|1131000000|2878000000|CAT
2012-09-30|USD|4100000000|16445000000|12345000000|11639000000|2596000000|1471000000|634000000|13849000000||||326000000||-17000000||101000000|2452000000|753000000||1702000000|1861000000|2596000000|2697000000|1699000000|CAT
2012-06-30|USD|4404000000|17374000000|12970000000|12280000000|2616000000|1517000000|632000000|14758000000||||308000000||70000000||99000000|2571000000|872000000||1709000000|1475000000|2616000000|2715000000|1699000000|CAT
2012-03-31|USD|4051000000|15981000000|11930000000|11237000000|2323000000|1340000000|587000000|13658000000||||317000000||88000000||94000000|2275000000|689000000||1611000000|1881000000|2323000000|2417000000|1586000000|CAT
2011-12-31|USD|3794000000|17243000000|13449000000|12763000000|1960000000|1487000000|604000000|15283000000||||310000000||125000000||98000000|4210000000|416000000||3794000000|-762000000|1960000000|2058000000|3794000000|CAT
2011-09-30|USD|3568000000|15716000000|12148000000|11455000000|1759000000|1360000000|584000000|13957000000||||323000000||-13000000||91000000|1615000000|474000000||1154000000|666000000|1759000000|1850000000|1141000000|CAT
2011-06-30|USD|3232000000|14230000000|10998000000|10303000000|1601000000|1257000000|584000000|12629000000||||299000000||-161000000||22000000|1333000000|318000000||1022000000|1195000000|1601000000|1623000000|1015000000|CAT
2011-03-31|USD|3220000000|12949000000|9729000000|9057000000|1833000000|1099000000|525000000|11116000000||||290000000||17000000||22000000|1737000000|512000000||1243000000|1552000000|1833000000|1855000000|1225000000|CAT
2010-12-31|USD|2792000000|12807000000|10015000000|9349000000|1291000000|1109000000|543000000|11516000000||||295000000||16000000||24000000|1201000000|233000000||2792000000|380000000|1291000000|1315000000|968000000|CAT
2010-09-30|USD|2700000000|11134000000|8434000000|7752000000|1187000000|1148000000|510000000|9947000000||||312000000||1000000||20000000|1087000000|295000000||801000000|792000000|1187000000|1207000000|792000000|CAT
2010-06-30|USD|2351000000|10409000000|8058000000|7372000000|977000000|1059000000|450000000|9432000000||||315000000||50000000||17000000|916000000|209000000||733000000|707000000|977000000|994000000|707000000|CAT
2010-03-31|USD|1657000000|8238000000|6581000000|5894000000|508000000|932000000|402000000|7730000000||||335000000||63000000||15000000|464000000|231000000||236000000|110000000|508000000|523000000|233000000|CAT
2009-12-31|USD|1341000000|7898000000|6557000000|5852000000|128000000|942000000|355000000|7770000000||||326000000||88000000||15000000|141000000|-91000000||1341000000|1192000000|128000000|143000000|232000000|CAT
2009-09-30|USD|1328000000|7298000000|5970000000|5255000000|277000000|907000000|327000000|7021000000||||347000000||66000000||15000000|265000000|-139000000||392000000|306000000|277000000|292000000|404000000|CAT
2009-06-30|USD|1502000000|7975000000|6473000000|-5752000000|347000000|914000000|351000000|7628000000||||381000000||163000000||13000000|411000000|40000000||360000000|371000000|347000000|360000000|371000000|CAT
2009-03-31|USD|1483000000|9225000000|7742000000|7027000000|-175000000|882000000|388000000|2094000000||||380000000||64000000||534000000|-192000000|-80000000|||114000000|-175000000|638000000|-112000000|CAT
2008-12-31|USD|2857000000|12923000000|10066000000|10066000000|457000000|1305000000|507000000|66000000||||370000000||-24000000||527000000|365000000|-296000000|||-3007000000|457000000|3744000000|661000000|CAT
2008-09-30|USD|3277000000|12981000000|9704000000|9704000000|1173000000|1061000000|437000000|11808000000||||291000000||146000000||501000000|1263000000|395000000||||1173000000|1536000000|868000000|CAT
2008-06-30|USD|3588000000|13624000000|10036000000|10036000000|1525000000|-1074000000|-415000000|12099000000||||279000000||83000000||480000000|1540000000|434000000||||1525000000|1930000000|1106000000|CAT
