fiscalDateEnding|reportedCurrency|grossProfit|totalRevenue|costOfRevenue|costofGoodsAndServicesSold|operatingIncome|sellingGeneralAndAdministrative|researchAndDevelopment|operatingExpenses|investmentIncomeNet|netInterestIncome|interestIncome|interestExpense|nonInterestIncome|otherNonOperatingIncome|depreciation|depreciationAndAmortization|incomeBeforeTax|incomeTaxExpense|interestAndDebtExpense|netIncomeFromContinuingOperations|comprehensiveIncomeNetOfTax|ebit|ebitda|netIncome|ticker
2024-09-30|USD|379150000|1455407000|1076257000|104874000|383116000|89195000||194069000|-4388000|-31388000||31388000|1171474000||||376958000|73964000||302994000|7871000|408346000|408346000|302994000|GL
2024-06-30|USD|334912000|1440246000|1105334000|99108000|338604000|83112000||182220000|-4150000|-31404000||31404000|1155732000|||-353727000|322323000|63968000||258355000|535971000|353727000|-31404000|258355000|GL
2024-03-31|USD|326722000|1416139000|1089417000|93214000|327432000|80411000||173625000|-4447000|-28621000||28621000|1144550000|||-343544000|314923000|60706000||254217000|559400000|343544000|-28621000|254217000|GL
2023-12-31|USD|323424000|1415691000|1092267000|91759000|327357000|78110000||169869000|-4535000|-25676000||25676000|1130672000|||-363287000|336711000|61909000|25676000|336711000|-38643000|362387000|-26576000|274802000|GL
2023-09-30|USD|321008000|1384118000|1063110000|85870000|322145000|74585000||160455000|-4518000|-25955000|25955000|25955000|1052568000|||-344770000|318815000|61732000|25955000|257083000|742006000|344770000|318765000|257083000|GL
2023-06-30|USD|310349000|1326406000|1016057000|86033000|310349000|75459000||161492000|-3933000|-25818000|25818000|25818000|1100314000|||-290324000|264506000|49246000|25818000|215260000|232456000|290324000|264421000|215260000|GL
2023-03-31|USD|305161000|1321318000|1016157000|84171000|305161000|73907000||158078000|-4287000|-24867000|24867000|24867000|1094733000|||-299101000|274234000|50624000|24867000|223610000|52830000|299101000|299101000|223610000|GL
2022-12-31|USD|110613000|1335113000|1212666000|-937319000|112275000|79690000||171494000|-5308000|-24658000|24658000|24658000|1075165000|||-2155411000|100910000|13249000|24658000|211560000|-5279974000|125568000|282375000|242343000|GL
2022-09-30|USD|263931000|1297237000|1033306000|88140000|265347000|76464000||164604000|-5666000|-23965000|23965000|23965000|1062149000|||58846000|234776000|44190000|23965000|186779000|457901000|258741000|312794000|190586000|GL
2022-06-30|USD|306895000|1291764000|984869000|89658000|311512000|78685000||168343000|-5516000|-21828000|21828000|21828000|1079113000|||-298277000|276449000|52476000|21828000|177004000|822954000|298277000|238824000|223973000|GL
2022-03-31|USD|301420000|1302626000|1001206000|84352000|301532000|72677000||157029000|-5593000|-19944000|19944000|19944000|1071602000|||-314120000|294176000|56692000|19944000|164361000|645526000|314120000|221559000|237484000|GL
2021-12-31|USD|205525000|1297360000|1091835000|-3502794000|209937000|75225000||156504000|-5553000|-19653000|19653000|19653000|1045771000|||-240261000|217558000|39605000|19653000|177953000|193917000|237211000|237211000|177953000|GL
2021-09-30|USD|220320000|1277838000|1057518000|80385000|222717000|68036000||148421000|-5088000|-20886000|20886000|20886000|1018753000|||-251681000|230795000|41924000|30200000|188871000|100211000|251681000|251681000|188871000|GL
2021-06-30|USD|236584000|1271111000|1034527000|79155000|236845000|67764000||146919000|-5180000|-21769000|21769000|21769000|1023756000|||-267273000|245243000|45625000|21769000|199618000|925382000|267012000|267012000|199618000|GL
2021-03-31|USD|190642000|1266560000|1075918000|81210000|195470000|71004000||152214000|-5333000|-21178000|21178000|21178000|1002293000|||-244800000|218794000|40277000|21178000|178517000|-826212000|239972000|239972000|178517000|GL
2020-12-31|USD|224969000|1228941000|1003972000|-3208576000|224969000|62753000||137098000|-4445000|-21409000|21409000|21409000|968551000|||-460380000|249984000|45744000|21409000|204240000|682865000|271393000|271393000|204240000|GL
2020-09-30|USD|230037000|1195042000|965005000|75397000|231070000|63718000||139115000|-4722000|-21674000|21674000|21674000|961183000|||64267000|231538000|42593000|22308000|188945000|507671000|253212000|253212000|188945000|GL
2020-06-30|USD|217031000|1180884000|963853000|72714000|217031000|61566000||134280000|-4481000|-22813000|22813000|22813000|953702000|||62006000|212241000|39193000|22813000|173048000|1338694000|235054000|235054000|173048000|GL
2020-03-31|USD|229018000|1133054000|904036000|78582000|232293000|66895000||145477000|-4184000|-20808000|20808000|20808000|929835000|||58189000|202921000|37381000|20808000|165540000|-613043000|223729000|223729000|165540000|GL
2019-12-31|USD|224893000|1136576000|911683000|-3086131000|228394000|64002000||142415000|-4268000|-20502000|20502000|20502000|906684000|||-513292000|227088000|40027000|20502000|187061000|88767000|247590000|247590000|187061000|GL
2019-09-30|USD|235387000|1141279000|905892000|74575000|235387000|60570000||135145000|-3827000|-21094000|21094000|21094000|911936000|||66606000|247330000|45512000|21094000|201818000|705692000|268424000|268424000|201818000|GL
2019-06-30|USD|223606000|1130461000|906855000|79044000|229106000|64916000||143960000|-4017000|-21432000|21432000|21432000|902638000|||63540000|228717000|42151000|21432000|186609000|755749000|250149000|250149000|186566000|GL
2019-03-31|USD|226772000|1119216000|892444000|72793000|227172000|59591000||132384000|-3933000|-21278000||21278000|892302000|||63936000|228052000|42707000|21278000|185394000|735937000|249330000|249330000|185345000|GL
2018-12-31|USD|220235000|1064737000|844502000|-2959429000|220235000|57381000||127463000|-3816000|-23610000||23610000|857071000|||-474254000|203646000|38929000|34688000|164706000|6568000|227256000|227256000|164717000|GL
2018-09-30|USD|219298000|1083802000|864504000|74059000|224466000|59402000||133461000|-3963000|-22433000||22433000|861782000|||64087000|220354000|41630000|22433000|178700000|52849000|242787000|242787000|178724000|GL
2018-06-30|USD|215051000|1084776000|869725000|68620000|215051000|55276000||123896000|-3957000|-22411000||22411000|865792000|||64914000|226896000|42471000|22411000|184393000|-152275000|249307000|249307000|184425000|GL
2018-03-31|USD|210891000|1070436000|859545000|66824000|210891000|55472000||122296000|-3901000|-21622000||21622000|850106000|||60642000|212731000|39131000|21622000|173711000|-310475000|234353000|234353000|173600000|GL
2017-12-31|USD|198902000|1056899000|857997000|-2841419000|209544000|54839000||124306000||-21707000||21707000|826473000|||-1220215000|216341000|-811005000|21707000|1027376000|1159918000|238048000|238048000|1027346000|GL
2017-09-30|USD|208015000|1046015000|838000000|63019000|209407000|52426000||115445000||-20970000||20970000|819217000|||88222000|220598000|67264000|20970000|153346000|208076000|241568000|241568000|153334000|GL
2017-06-30|USD|202631000|1029078000|826447000|62428000|204725000|51412000||113840000||-21156000||21156000|816614000|||82629000|201836000|61563000|21156000|140363000|401968000|222992000|222992000|140273000|GL
2017-03-31|USD|197489000|1023581000|826092000|62341000|197489000|51913000||114254000||-20699000||20699000|820631000|||71625000|188104000|54563000|20699000|137178000|278832000|208803000|208803000|133541000|GL
2016-12-31|USD|194445000|975345000|780900000|-2727220000|198536000|50765000||109749000||-20485000||20485000|787908000|||-332487000|186618000|51170000|20485000|124812000|-429804000|207103000|207103000|135448000|GL
2016-09-30|USD|197979000|989773000|791794000|57805000|198236000|49505000||107310000||-20381000||20381000|783411000|||89891000|211420000|59551000|20381000|141910000|305538000|231801000|231801000|151869000|GL
2016-06-30|USD|195339000|991884000|796545000|57846000|195339000|48413000||106259000||-23110000||23110000|785855000|||82295000|198479000|60050000|23110000|139294000|592111000|221589000|221589000|138429000|GL
2016-03-31|USD|195155000|977627000|782472000|57429000|195155000|48468000||105897000||-19369000||19369000|779860000|||71702000|185907000|61874000|19369000|133574000|427561000|205276000|205276000|124033000|GL
2015-12-31|USD|192641000|933860000|741219000|-2831127000|194035000|43362000||95852000||-16044000|3178000|19222000|756071000|||-305641000|189804000|56848000|19222000|119130000|-134926000|209026000|210652000|132956000|GL
2015-09-30|USD|193869000|947154000|753285000|57779000|193869000|47169000||57779000||-19246000||19246000|799714000|||-218255000|210537000|65151000|19246000|133858000|89896000|229783000|235990000|145386000|GL
2015-06-30|USD|194110000|950611000|756501000|56977000|194110000|45474000||56977000||-19114000||19114000|835567000|||-215837000|191306000|64196000|19114000|132527000|-483212000|210420000|207502000|127110000|GL
2015-03-31|USD|194358000|934440000|740082000|56612000|194358000|47200000||103812000||-19060000||19060000|830148000|||-213537000|185347000|63699000|19060000|130778000|289837000|204407000|199492000|121648000|GL
2014-12-31|USD|188442000|917175000|728733000|-2745450000|171591000|45122000||75470000||-15774000|3233000|19007000|804819000|||-3675498000|211142000|64394000|19007000|133659000|261373000|230149000|230666000|146748000|GL
2014-09-30|USD|198534000|890834000|692300000|55402000|194738000|45345000||55402000||-19033000||19033000|785715000|||-216084000|197051000|64639000|19033000|124390000|127265000|216084000|208597000|132412000|GL
2014-06-30|USD|193234000|898343000|705109000|56400000|201627000|45206000||56400000||-19037000||19037000|799866000|||-212848000|193811000|62888000|19037000|129695000|412839000|212848000|205795000|130923000|GL
2014-03-31|USD|180919000|913743000|732824000|56956000|203688000|46704000||106090000||-19049000||19049000|819020000|||-219080000|197538000|64682000|19049000|140330000|527933000|216587000|209536000|132856000|GL
2013-12-31|USD|197093000|930594000|733501000|214690000|165964000|45818000||-1525000||-15973000|3107000|19080000|750611000|||-302963000|219885000|77068000|19080000|121550000|116655000|238965000|225509000|142817000|GL
2013-09-30|USD|186391000|932789000|746398000|53245000|197175000|45018000||72921000||-19676000||19676000|750998000|||-210526000|190850000|58728000|19676000|132122000|35365000|210526000|210526000|132122000|GL
2013-06-30|USD|186871000|950339000|763468000|55292000|197096000|45282000||76120000||-20828000||20828000|765851000|||-214112000|192784000|58883000|20828000|133901000|-382229000|213612000|213612000|133901000|GL
2013-03-31|USD|176970000|958216000|781246000|52308000|195851000|43935000||117120000||-20877000||20877000|784814000|||-193940000|173063000|53431000|20877000|119632000|44387000|193940000|193940000|119632000|GL
2012-12-31|USD|199704000|928698000|728994000|198176000|188773000|44463000||-20883000||-20544000|805000|21349000|732545000|||-287388000|220587000|69600000|21349000|150987000|115372000|241936000|241936000|150987000|GL
2012-09-30|USD|181508000|877100000|695592000|48433000|185341000|40515000||68276000||-19047000|796000|19843000|699860000|||77962000|188791000|58119000|19843000|130672000|357183000|208634000|208634000|130672000|GL
2012-06-30|USD|181719000|885795000|704076000|47758000|188829000|39857000||67407000||-18780000|869000|19649000|705582000|||77041000|186380000|57392000|19649000|128988000|362077000|206029000|206029000|128988000|GL
2012-03-31|USD|165229000|897923000|732694000|48116000|190649000|40570000||108357000||-18747000|924000|19671000|718475000|||71229000|170235000|51558000|19671000|118677000|70051000|189906000|189906000|118677000|GL
2011-12-31|USD|172335000|833554000|661219000|201636000|182818000|54214000||107504000||-18658000|869000|19527000|653542000|||-316309000|177090000|54251000|19527000|122839000|126588000|196617000|202031000|122839000|GL
2011-09-30|USD|177523000|837241000|659718000|45268000|181122000|39887000||64778000||-18604000|906000|19510000|650525000|||81565000|190267000|58867000|19510000|131256000|524186000|209777000|218476000|131400000|GL
2011-06-30|USD|177780000|877334000|699554000|46514000|183365000|40170000||65925000||-18564000|847000|19411000|672350000|||88999000|209052000|66271000|19411000|142781000|240326000|228463000|237939000|142781000|GL
2011-03-31|USD|170240000|829272000|659032000|50187000|184730000|44718000||69647000||-19460000||19460000|679901000|||68541000|146918000|46777000|19460000|100740000|132885000|166378000|174673000|100141000|GL
2010-12-31|USD|160447000|847171000|686724000|176272000|162595000|40693000||107470000||-18990000||18990000|653418000|||-281970000|211534000|56726000|18990000|148955000|-197134000|230524000|240323000|154808000|GL
2010-09-30|USD|200268000|838888000|638620000|43154000|2183533000|38413000||61944000||-18790000||18790000|657827000|||65440000|184747000|70216000|18790000|138097000|398659000|203537000|203537000|114531000|GL
2010-06-30|USD|446417000|835895000|936914000|45840000|-792780000|||64652000||-18812000||18812000|688105000||||186921000|60872000|18812000|119848000|340162000|205733000|208786000|126049000|GL
2010-03-31|USD|424452000|845678000|939580000|43430000|-809910000|||63321000||-18937000||18937000|670944000||||180337000|58661000|18937000|115393000|299454000|199274000|202372000|121676000|GL
2009-12-31|USD|1208659000|779327000|1319749000|-2240137000|3482874000|||510170000||-19009000||19009000|661403000|||-2954649000|168239000|54910000|19009000|106745000|91678000|187248000|190442000|113329000|GL
2009-09-30|USD|-160487000|762321000|945341000|42613000|-915574000|||137633000||-20343000||20343000|657770000||||146002000|45202000|20343000|98558000|699612000|166345000|167400000|100800000|GL
2009-06-30|USD|-143601000|819734000|963335000|45236000|-882829000|||94817000||-14916000||14916000|681541000||||160407000|46289000|14916000|228236000|656220000|175323000|175323000|114118000|GL
2008-09-30|USD|708317000|753352000|45035000|45035000|121138000|||632000000||||15507000|||||105631000|42480000|||-408035000|105631000|121138000|63151000|GL
2008-06-30|USD|816525000|860492000|43967000|43967000|199424000|||661000000||||14818000|||||184606000|50880000|||-6153000|184606000|199424000|133726000|GL
