fiscalDateEnding|reportedCurrency|grossProfit|totalRevenue|costOfRevenue|costofGoodsAndServicesSold|operatingIncome|sellingGeneralAndAdministrative|researchAndDevelopment|operatingExpenses|investmentIncomeNet|netInterestIncome|interestIncome|interestExpense|nonInterestIncome|otherNonOperatingIncome|depreciation|depreciationAndAmortization|incomeBeforeTax|incomeTaxExpense|interestAndDebtExpense|netIncomeFromContinuingOperations|comprehensiveIncomeNetOfTax|ebit|ebitda|netIncome|ticker
2024-12-31|USD|7077000000|8366000000|1289000000|4431000000|1441000000|1220000000|773000000|6925000000||51000000|148000000|97000000|-33000000|-23000000||56000000|1410000000|289000000|97000000|1024000000|1198000000|1441000000|1497000000|1121000000|PYPL
2024-09-30|USD|6733000000|7847000000|1114000000|4193000000|1391000000|1027000000|746000000|6456000000||77000000|183000000|106000000|-28000000|14000000||51000000|1311000000|301000000|106000000|904000000|1076000000|1391000000|1442000000|1010000000|PYPL
2024-06-30|USD|3149000000|7862000000|4713000000|4713000000|1415000000|570000000|718000000|1734000000||72000000|165000000|93000000||||263000000|1399000000|271000000||1128000000|100000000|1408000000|1671000000|1128000000|PYPL
2024-03-31|USD|6583000000|7699000000|1116000000|4692000000|1168000000|885000000|742000000|6531000000||-86000000|166000000|86000000|-469000000|10000000||56000000|1209000000|321000000|86000000|888000000|975000000|1295000000|1351000000|888000000|PYPL
2023-12-31|USD|6947000000|8026000000|1079000000|4354000000|1728000000|1020000000|770000000|6298000000||-87000000|132000000|87000000|405000000|24000000||54000000|1793000000|391000000|87000000|1402000000|1508000000|1880000000|1934000000|1402000000|PYPL
2023-09-30|USD|6394000000|7418000000|1024000000|4049000000|1168000000|949000000|739000000|6250000000||-86000000|124000000|86000000|-15000000|11000000||57000000|1241000000|221000000|86000000|1020000000|1164000000|1327000000|1384000000|1020000000|PYPL
2023-06-30|USD|6269000000|7287000000|1018000000|3939000000|1133000000|956000000|743000000|6154000000||-87000000|116000000|87000000||8000000||58000000|1303000000|274000000|87000000|1029000000|931000000|1390000000|1448000000|1029000000|PYPL
2023-03-31|USD|5884000000|7040000000|1156000000|3725000000|999000000|943000000|721000000|6041000000||-87000000|108000000|87000000||6000000||57000000|1074000000|279000000|87000000|795000000|825000000|1161000000|1218000000|795000000|PYPL
2022-12-31|USD|6205000000|7383000000|1178000000|3712000000|1244000000|1039000000|822000000|6139000000||-89000000|84000000|89000000||12000000||115000000|1110000000|189000000|89000000|921000000|674000000|1199000000|1314000000|921000000|PYPL
2022-09-30|USD|5669000000|6846000000|1177000000|3355000000|1118000000|1007000000|801000000|5728000000||-87000000|48000000|87000000||4000000||118000000|1578000000|248000000|87000000|1330000000|1213000000|1665000000|1783000000|1330000000|PYPL
2022-06-30|USD|5487000000|6806000000|1319000000|3492000000|764000000|1109000000|815000000|6042000000||-69000000|27000000|69000000||-1000000||120000000|49000000|390000000|69000000|-341000000|-461000000|118000000|238000000|-341000000|PYPL
2022-03-31|USD|5128000000|6483000000|1355000000|3186000000|711000000|1201000000|815000000|5772000000||-59000000|15000000|59000000||-52000000||118000000|629000000|120000000|59000000|509000000|201000000|688000000|806000000|509000000|PYPL
2021-12-31|USD|5565000000|6918000000|1353000000|3302000000|1050000000|1236000000|796000000|5868000000||-59000000|14000000|59000000||-9000000||117000000|706000000|-95000000|59000000|801000000|789000000|765000000|882000000|801000000|PYPL
2021-09-30|USD|5025000000|6182000000|1157000000|2832000000|1043000000|1047000000|755000000|5139000000||-58000000|15000000|58000000||-8000000||110000000|1165000000|78000000|58000000|1087000000|1255000000|1223000000|1333000000|1087000000|PYPL
2021-06-30|USD|4978000000|6238000000|1260000000|2693000000|1127000000|1150000000|746000000|5111000000||-57000000|13000000|57000000||-10000000||110000000|1356000000|172000000|57000000|1184000000|1245000000|1413000000|1523000000|1184000000|PYPL
2021-03-31|USD|4743000000|6033000000|1290000000|3066000000|1042000000|1126000000|741000000|4991000000||-58000000|15000000|58000000||-7000000||106000000|872000000|-225000000|58000000|1097000000|1228000000|930000000|1036000000|1097000000|PYPL
2020-12-31|USD|6116000000|6116000000|1347000000|2696000000|963000000|1174000000|732000000|5153000000||-59000000|16000000|59000000||-2000000||108000000|1859000000|292000000|59000000|6116000000|1415000000|1918000000|2026000000|1567000000|PYPL
2020-09-30|USD|4352000000|5459000000|1107000000|2366000000|977000000|974000000|674000000|4482000000||-58000000|17000000|58000000||-1000000||114000000|1144000000|123000000|58000000|1021000000|859000000|1202000000|1316000000|1021000000|PYPL
2020-06-30|USD|4173000000|5261000000|1088000000|2283000000|951000000|926000000|631000000|4310000000||-55000000|22000000|55000000||-7000000||115000000|1799000000|269000000|55000000|1530000000|1480000000|1854000000|1969000000|1530000000|PYPL
2020-03-31|USD|3611000000|4618000000|971000000|2330000000|398000000|857000000|605000000|4220000000||-37000000|33000000|37000000|4618000000|-7000000||114000000|263000000|179000000|37000000|84000000|137000000|300000000|414000000|84000000|PYPL
2019-12-31|USD|4961000000|4961000000|923000000|2294000000|799000000|872000000|558000000|4162000000||-37000000|53000000|37000000|4961000000|1000000||51000000|854000000|347000000|37000000|4961000000|386000000|891000000|942000000|507000000|PYPL
2019-09-30|USD|3585000000|4378000000|769000000|2041000000|697000000|717000000|533000000|3681000000||-29000000|47000000|29000000|4378000000|-3000000||52000000|484000000|22000000|29000000|462000000|438000000|513000000|565000000|462000000|PYPL
2019-06-30|USD|3454000000|4305000000|826000000|1945000000|705000000|775000000|483000000|3600000000||-27000000|48000000|27000000|4305000000|-1000000||51000000|943000000|120000000|27000000|823000000|820000000|970000000|1021000000|823000000|PYPL
2019-03-31|USD|3301000000|4128000000|805000000|1890000000|518000000|748000000|511000000|3610000000||-22000000|197000000|22000000|4128000000|-8000000||57000000|717000000|50000000|22000000|667000000|564000000|739000000|796000000|667000000|PYPL
2018-12-31|USD|4226000000|4283000000|2251000000|1918000000|598000000|779000000|289000000|3628000000||-20000000||20000000|4226000000|0||0|686000000|102000000|20000000|4226000000|596000000|706000000|706000000|584000000|PYPL
2018-09-30|USD|2793000000|3661000000|868000000|1661000000|490000000|680000000|269000000|3193000000||-22000000||22000000|3683000000|4000000||0|533000000|97000000|22000000|436000000|466000000|555000000|555000000|436000000|PYPL
2018-06-30|USD|2996000000|3857000000|861000000|1696000000|572000000|681000000|255000000|3285000000||-19000000||19000000|3857000000|-2000000||0|609000000|83000000|19000000|526000000|731000000|628000000|628000000|526000000|PYPL
2018-03-31|USD|6541000000|7375000000|834000000|1580000000|534000000|624000000|258000000|3151000000||-16000000||16000000|3690000000|2000000||0|548000000|37000000|16000000|511000000|484000000|564000000|564000000|511000000|PYPL
2017-12-31|USD|3744000000|3744000000|1841000000|1306000000|843000000|643000000|267000000|2901000000||-4000000||4000000|3744000000|2000000||-578000000|864000000|244000000|4000000|3744000000|620000000|868000000|290000000|620000000|PYPL
2017-09-30|USD|2474000000|3239000000|765000000|1465000000|423000000|571000000|240000000|2816000000||-1000000||1000000|3239000000|6000000||194000000|451000000|71000000|1000000|380000000|336000000|452000000|646000000|380000000|PYPL
2017-06-30|USD|2369000000|3136000000|767000000|1372000000|430000000|566000000|232000000|2706000000|||||3136000000|17000000||201000000|447000000|36000000||411000000|311000000|430000000|631000000|411000000|PYPL
2017-03-31|USD|2295000000|2981000000|686000000|1287000000|431000000|503000000|214000000|2544000000|||||6000000|7000000||183000000|438000000|54000000||384000000|327000000|431000000|614000000|384000000|PYPL
2016-12-31|USD|2981000000|2981000000|1805000000|1261000000|460000000|528000000|215000000|2521000000||||3000000|7000000|9000000||189000000|469000000|79000000||2981000000|410000000|460000000|649000000|390000000|PYPL
2016-09-30|USD|1989000000|2667000000|678000000|1101000000|348000000|494000000|215000000|2319000000|||||5000000|12000000||184000000|360000000|37000000||323000000|310000000|348000000|532000000|323000000|PYPL
2016-06-30|USD|1963000000|2650000000|687000000|1065000000|371000000|511000000|209000000|2279000000|||||6000000|9000000||176000000|380000000|57000000||323000000|402000000|371000000|547000000|323000000|PYPL
2016-03-31|USD|1911000000|2550000000|639000000|1007000000|407000000|464000000|195000000|2137000000|||||6000000|15000000||175000000|422000000|57000000||365000000|347000000|407000000|582000000|365000000|PYPL
2015-12-31|USD|2556000000|2556000000|1387000000|995000000|411000000|415000000|208000000|2145000000||||3000000|5000000|||164000000|418000000|51000000||2556000000|355000000|411000000|575000000|367000000|PYPL
2015-09-30|USD|1729000000|2258000000|529000000|852000000|330000000|376000000|197000000|1928000000|||||5000000|20000000||153000000|350000000|49000000||301000000|280000000|330000000|483000000|301000000|PYPL
2015-06-30|USD|1766000000|2297000000|531000000|819000000|398000000|380000000|202000000|1899000000||||||1000000||150000000|399000000|94000000||305000000|187000000|398000000|548000000|305000000|PYPL
2015-03-31|USD|1384000000|2137000000|753000000|753000000|322000000|138000000|185000000|1815000000||||||||141000000|321000000|66000000|||287000000|322000000|463000000|255000000|PYPL
2014-12-31|USD|1406000000|2193000000|787000000|787000000|348000000|144000000|96000000|1845000000||||||||132000000|347000000|61000000||419000000|326000000|348000000|480000000|286000000|PYPL
2014-09-30|USD|1258000000|1975000000|717000000|717000000|272000000|101000000|232000000|1703000000||||||||129000000|276000000|42000000|||349000000|272000000|401000000|234000000|PYPL
2014-06-30|USD|1314000000|1983000000|669000000|669000000|330000000|122000000|221000000|1653000000||||||||125000000|326000000|45000000|||290000000|330000000|455000000|281000000|PYPL
2014-03-31|USD|1231000000|1874000000|643000000|643000000|318000000|115000000|198000000|913000000||||||||130000000|312000000|694000000||||318000000|448000000|-382000000|PYPL
