fiscalDateEnding|reportedCurrency|grossProfit|totalRevenue|costOfRevenue|costofGoodsAndServicesSold|operatingIncome|sellingGeneralAndAdministrative|researchAndDevelopment|operatingExpenses|investmentIncomeNet|netInterestIncome|interestIncome|interestExpense|nonInterestIncome|otherNonOperatingIncome|depreciation|depreciationAndAmortization|incomeBeforeTax|incomeTaxExpense|interestAndDebtExpense|netIncomeFromContinuingOperations|comprehensiveIncomeNetOfTax|ebit|ebitda|netIncome|ticker
2024-09-30|USD|1018000000|1319000000|301000000|108000000|135000000|25000000||193000000||-48000000|11000000|59000000|1319000000|||197000000|88000000|6000000|59000000|84000000|85000000|135000000|332000000|82000000|HST
2024-06-30|USD|1154000000|1416000000|262000000|101000000|292000000|29000000||161000000||-50000000|14000000|50000000|1466000000|||188000000|255000000|16000000|50000000|242000000|234000000|305000000|493000000|239000000|HST
2024-03-31|USD|1144000000|1424000000|280000000|104000000|291000000|27000000||176000000||-47000000|18000000|47000000|1471000000|||180000000|266000000|-2000000|47000000|272000000|265000000|313000000|493000000|268000000|HST
2023-12-31|USD|983000000|1275000000|292000000|93000000|173000000|42000000||130000000||-49000000|18000000|49000000|1323000000|||186000000|141000000|9000000|49000000|134000000|135000000|190000000|376000000|132000000|HST
2023-09-30|USD|911000000|1166000000|255000000|106000000|157000000|29000000||149000000||-48000000|19000000|48000000|1214000000|||174000000|126000000|15000000|48000000|113000000|108000000|174000000|348000000|111000000|HST
2023-06-30|USD|1060000000|1348000000|288000000|93000000|249000000|30000000||195000000||-45000000|22000000|45000000|1393000000|||168000000|224000000|14000000|45000000|214000000|213000000|269000000|437000000|210000000|HST
2023-03-31|USD|1037000000|1328000000|291000000|91000000|248000000|31000000||200000000||-49000000|20000000|49000000|1377000000|||169000000|285000000|-2000000|53000000|291000000|289000000|334000000|503000000|287000000|HST
2022-12-31|USD|952000000|1221000000|269000000|73000000|178000000|30000000||178000000||-43000000|14000000|43000000|1263000000|||166000000|144000000|-3000000|43000000|149000000|149000000|187000000|353000000|147000000|HST
2022-09-30|USD|876000000|1149000000|273000000|90000000|148000000|29000000||179000000||-40000000|14000000|40000000|1189000000|||164000000|120000000|6000000|40000000|116000000|111000000|160000000|324000000|114000000|HST
2022-06-30|USD|1086000000|1344000000|258000000|78000000|327000000|25000000||179000000||-37000000|10000000|37000000|1381000000|||162000000|295000000|39000000|37000000|260000000|251000000|332000000|494000000|256000000|HST
2022-03-31|USD|759000000|1038000000|279000000|84000000|122000000|23000000||195000000||-36000000|6000000|36000000|1074000000|||172000000|100000000|-16000000|36000000|118000000|123000000|136000000|308000000|116000000|HST
2021-12-31|USD|565000000|913000000|348000000|68000000|79000000|26000000||280000000||-63000000|1000000|63000000|975000000|||165000000|310000000|-10000000|86000000|323000000|319000000|373000000|538000000|320000000|HST
2021-09-30|USD|345000000|801000000|456000000|82000000|-95000000|24000000||374000000||-43000000||43000000|844000000|||263000000|-132000000|-13000000|43000000|-120000000|-123000000|-89000000|174000000|-119000000|HST
2021-06-30|USD|333000000|606000000|273000000|79000000|-68000000|25000000||194000000||-43000000|1000000|43000000|649000000|||169000000|-82000000|-22000000|43000000|-61000000|-54000000|-39000000|130000000|-60000000|HST
2021-03-31|USD|90000000|357000000|267000000|78000000|-166000000|24000000||189000000||-42000000||42000000|399000000|||165000000|-198000000|-46000000|42000000|-153000000|-155000000|-156000000|9000000|-152000000|HST
2020-12-31|USD|-51000000|209000000|260000000|72000000|-271000000|21000000||188000000||-51000000|1000000|51000000|259000000|||167000000|-128000000|-64000000|59000000|-66000000|-59000000|-77000000|90000000|-64000000|HST
2020-09-30|USD|-129000000|132000000|261000000|77000000|-318000000|18000000||184000000||-66000000|1000000|66000000|198000000|192000000||166000000|-386000000|-73000000|66000000|-316000000|-318000000|-320000000|-154000000|-313000000|HST
2020-06-30|USD|-200000000|63000000|263000000|70000000|-353000000|25000000||193000000||-40000000|45000000|40000000|103000000|-4000000||168000000|-398000000|-46000000|40000000|-356000000|-354000000|-358000000|-190000000|-352000000|HST
2020-03-31|USD|733000000|1015000000|282000000|93000000|-11000000|25000000||189000000||-37000000|1000000|37000000|1052000000|-11000000||164000000|-40000000|-37000000|37000000|-3000000|-19000000|-3000000|161000000|-3000000|HST
2019-12-31|USD|543000000|855000000|312000000|97000000|166000000|27000000||551000000||-90000000|6000000|90000000|945000000|9000000||175000000|88000000|8000000|143000000|81000000|86000000|178000000|353000000|80000000|HST
2019-09-30|USD|1219000000|1491000000|272000000|85000000|137000000|26000000||-87000000||-46000000|9000000|46000000|1536000000|14000000||165000000|372000000|4000000|46000000|372000000|362000000|418000000|583000000|368000000|HST
2019-06-30|USD|1215000000|1497000000|282000000|91000000|280000000|25000000||134000000||-43000000|8000000|43000000|1540000000|286000000||166000000|302000000|16000000|43000000|290000000|289000000|345000000|511000000|286000000|HST
2019-03-31|USD|1061000000|1352000000|291000000|92000000|216000000|29000000||194000000||-43000000|7000000|43000000|1395000000|68000000||170000000|188000000|2000000|43000000|189000000|186000000|231000000|401000000|186000000|HST
2018-12-31|USD|1009000000|1549000000|540000000|100000000|188000000|22000000||205000000||-48000000|-6000000|42000000|1597000000|18000000||165000000|394000000|87000000|42000000|306000000|308000000|436000000|601000000|307000000|HST
2018-09-30|USD|1275000000|1801000000|526000000|90000000|-92000000|24000000||-111000000||-45000000||45000000|1846000000|247000000||412000000|367000000|42000000|45000000|378000000|325000000|412000000|824000000|325000000|HST
2018-06-30|USD|1155000000|1473000000|318000000|99000000|263000000|30000000||219000000||-45000000||45000000|1518000000|556000000||189000000|228000000|17000000|45000000|211000000|196000000|273000000|462000000|211000000|HST
2018-03-31|USD|171000000|1346000000|1175000000|969000000|171000000|28000000||86000000||-44000000||44000000|120000000|11000000||178000000|260000000|4000000|44000000|256000000|258000000|304000000|482000000|256000000|HST
2017-12-31|USD|134000000|1344000000|1210000000|982000000|134000000|19000000||225000000||-48000000|-6000000|42000000|4000000|133000000||217000000|109000000|17000000|42000000|93000000|89000000|151000000|368000000|92000000|HST
2017-09-30|USD|127000000|1254000000|1127000000|928000000|127000000|24000000||140000000||-43000000||43000000|59000000|16000000||176000000|148000000|42000000|43000000|105000000|124000000|191000000|367000000|106000000|HST
2017-06-30|USD|244000000|1441000000|1197000000|995000000|244000000|26000000||173000000||-43000000||43000000|29000000|65000000||178000000|239000000|27000000|43000000|212000000|209000000|282000000|460000000|212000000|HST
2017-03-31|USD|171000000|1348000000|1177000000|971000000|171000000|29000000||189000000||-39000000||39000000|17000000|38000000||180000000|154000000|-6000000|39000000|161000000|164000000|193000000|373000000|160000000|HST
2016-12-31|USD|150000000|1337000000|1187000000|980000000|150000000|24000000||199000000||-44000000|-6000000|38000000|8000000|25000000||183000000|124000000|-2000000|38000000|128000000|123000000|162000000|345000000|126000000|HST
2016-09-30|USD|144000000|1295000000|1151000000|953000000|144000000|28000000||184000000||-38000000||38000000|14000000|12000000||182000000|126000000|19000000|38000000|108000000|99000000|164000000|346000000|107000000|HST
2016-06-30|USD|-1206000000|1459000000|1220000000|1015000000|239000000|27000000||33000000||-39000000||39000000|172000000|22000000||178000000|379000000|32000000|39000000|351000000|370000000|418000000|596000000|347000000|HST
2016-03-31|USD|151000000|1339000000|1188000000|983000000|151000000|27000000||146000000||-39000000||39000000|59000000|||181000000|173000000|-9000000|39000000|184000000|195000000|212000000|393000000|182000000|HST
2015-12-31|USD|1334000000|1334000000|1106000000|897000000|147000000|26000000||176000000||-69000000|-9000000|60000000|234000000|62000000||180000000|159000000|-4000000|14000000|147000000|177000000|219000000|399000000|163000000|HST
2015-09-30|USD|-1144000000|1283000000|1155000000|958000000|133000000|21000000||192000000||-49000000|-3000000|46000000|5000000|78000000||177000000|94000000|9000000|49000000|85000000|50000000|140000000|317000000|85000000|HST
2015-06-30|USD|171000000|1384000000|1223000000|1019000000|222000000|23000000||151000000||-73000000|-1000000|72000000|53000000|||178000000|228000000|13000000|73000000|216000000|215000000|300000000|478000000|215000000|HST
2015-03-31|USD|144000000|7000000|1173000000|974000000|133000000|24000000||195000000||-51000000|-2000000|49000000|4000000|76000000||173000000|90000000|-9000000|51000000|104000000|61000000|139000000|312000000|99000000|HST
2014-12-31|USD|1320000000|1320000000|1357000000|1156000000|149000000|18000000||77000000||130000000|173000000|43000000|161000000|3000000||169000000|251000000|-3000000|-144000000|258000000|236000000|294000000|463000000|254000000|HST
2014-09-30|USD|196000000|1294000000|1098000000|959000000|202000000|-38000000||69000000||-51000000||51000000|1000000|158000000||178000000|150000000|6000000|51000000|145000000|109000000|201000000|379000000|144000000|HST
2014-06-30|USD|225000000|1431000000|1206000000|1003000000|225000000|29000000||258000000||-55000000||55000000|110000000|1000000||174000000|170000000|15000000|55000000|159000000|160000000|225000000|399000000|155000000|HST
2014-03-31|USD|-1169000000|1309000000|1176000000|972000000|134000000|34000000||263000000||-58000000||58000000|-1000000|5000000||172000000|175000000|-4000000|59000000|76000000|186000000|233000000|405000000|179000000|HST
2013-12-31|USD|1331000000|1331000000|1160000000|955000000|138000000|31000000||-65000000||209000000|269000000|60000000|54000000|102000000||177000000|125000000|2000000|-268000000|52000000|114000000|185000000|362000000|123000000|HST
2013-09-30|USD|16000000|1211000000|1144000000|940000000|79000000|27000000||255000000||-65000000||65000000|0|||175000000|30000000|11000000|65000000|2000000|31000000|95000000|270000000|19000000|HST
2013-06-30|USD|1419000000|1399000000|1000000|986000000|205000000|37000000||1000000||-103000000||103000000|21000000|||171000000|134000000|15000000|103000000|1418000000|93000000|237000000|408000000|119000000|HST
2013-03-31|USD|1255000000|1224000000|1134000000|935000000|90000000|26000000||263000000||-76000000||76000000|12000000|||173000000|49000000|-7000000|76000000|1255000000|58000000|125000000|298000000|56000000|HST
2012-12-31|USD|1673000000|1673000000|-2917000000|1245000000|108000000|110000000||-178000000||-113000000|-12000000|101000000|-1000000|||268000000|36000000|21000000|102000000|5000000|15000000|137000000|405000000|15000000|HST
2012-09-30|USD|1149000000|1149000000|765000000|765000000|63000000|942000000||374000000||||93000000||||160000000|-25000000|11000000||-39000000|-34000000|63000000|213000000|-34000000|HST
2012-08-31|USD|911000000||||16000000|||||||||||||||-55000000|10000000|16000000||-2000000|HST
2012-06-30|USD|1308000000|1308000000|809000000|809000000|175000000|986000000||379000000||||94000000||||159000000|95000000|12000000||79000000|83000000|175000000|339000000|83000000|HST
2012-03-31|USD|929000000|929000000|631000000|631000000|16000000|780000000||333000000||||86000000||||153000000|-63000000|-13000000||-54000000|-2000000|16000000|167000000|-2000000|HST
2011-12-31|USD|1503000000|1155000000|-348000000|1035000000|-2997000000|780000000||503000000||||112000000||||213000000|24000000|8000000||-3332000000|-3345000000|-2997000000|349000000|-3319000000|HST
2011-09-09|USD|1131000000|1131000000|||1131000000|||||||||||||||1131000000|1132000000|1131000000||1132000000|HST
2011-06-17|USD|1292000000|1284000000|||1288000000|||||||||||||||1288000000|1285000000|1288000000||1285000000|HST
2011-03-31|USD|903000000|893000000|-10000000|591000000|903000000|756000000||315000000||||82000000||||141000000|-80000000|-20000000||903000000|902000000|903000000|143000000|902000000|HST
2010-12-31|USD|1338400000|1424000000|85600000|941000000|3976800000|756000000||461000000||||115000000||||-408000000|-17000000|-10000000||-3059000000|-3058000000|98000000|-310000000|-7000000|HST
2010-09-10|USD|1000000000|1003000000|3000000||23000000|||||||89000000||||134000000|-63000000|-5000000||997000000|997000000|26000000|160000000|-58000000|HST
2010-06-18|USD|110000000|1112000000|1002000000||110000000||||1000000|||82000000||||139000000|25000000|6000000||20000000|19000000|107000000|246000000|19000000|HST
2010-03-31|USD|-2000000|823000000|825000000|664000000|-2000000|689000000||276000000|1000000|||96000000||1000000||136000000|-106000000|-22000000||-82000000|-84000000|-10000000|126000000|-84000000|HST
2009-12-31|USD|-18000000|1317000000|1335000000|1060000000|-18000000|689000000||-346000000|2000000|||115000000||-4000000||233000000|-80000000|-10000000||-116000000|-70000000|35000000|268000000|-70000000|HST
2009-09-11|USD|-8000000|903000000|911000000|755000000|-8000000||||1000000|||95000000||||137000000|-80000000|-25000000||-67000000|-55000000|15000000|152000000|-55000000|HST
2009-06-19|USD||1051000000|||104000000|||||||82000000||||137000000|-58000000|10000000||||24000000|161000000|-68000000|HST
2009-03-31|USD|305000000|864000000|577000000|577000000|20000000|689000000||308000000||||87000000||||155000000|-73000000|-14000000||||14000000|169000000|-59000000|HST
2008-12-31|USD|-275000000|1561000000|1922000000|1922000000|217000000|689000000||-491000000||||113000000||||180000000|96000000|-14000000||||209000000|389000000|110000000|HST
2008-09-05|USD||1139000000|||118000000|||||||90000000||||130000000|51000000|4000000||||141000000|271000000|47000000|HST
2008-06-13|USD||1388000000|||272000000|||||||88000000||||128000000|196000000|13000000||||284000000|412000000|183000000|HST
