fiscalDateEnding|reportedCurrency|grossProfit|totalRevenue|costOfRevenue|costofGoodsAndServicesSold|operatingIncome|sellingGeneralAndAdministrative|researchAndDevelopment|operatingExpenses|investmentIncomeNet|netInterestIncome|interestIncome|interestExpense|nonInterestIncome|otherNonOperatingIncome|depreciation|depreciationAndAmortization|incomeBeforeTax|incomeTaxExpense|interestAndDebtExpense|netIncomeFromContinuingOperations|comprehensiveIncomeNetOfTax|ebit|ebitda|netIncome|ticker
2024-12-31|USD|1855390000|3076851000|1221461000|1221461000|942052000|267081000|346157000|913338000||-74981000||74981000|3076851000|44458000||58900000|972529000|148002000|74981000|824527000|803645000|942052000|1000952000|824527000|KLAC
2024-09-30|USD|1686392000|2833823000|1147431000|1147431000|1052552000|251042000|323145000|633840000||-82171000||82171000|2833823000|40935000||56753000|1078687000|132836000|82171000|945851000|969422000|1052552000|1109305000|945851000|KLAC
2024-06-30|USD|1777019000|2787570000|1010551000|974055000|1119617000|255106000|325759000|657402000||77852000||82836000|2559256000|50560000||58837000|945043000|108597000|82836000|836446000|828891000|1119617000|1178454000|836446000|KLAC
2024-03-31|USD|1285964000|2279849000|993885000|963169000|596621000|237514000|321590000|689343000||-79981000||79981000|2359830000|45622000||57765000|702008000|100467000|79981000|601541000|592285000|781989000|839754000|601541000|KLAC
2023-12-31|USD|1435778000|2412524000|976746000|976746000|598450000|237244000|320418000|837328000||-74202000||74202000|2486726000|32154000||59366000|691270000|108736000|74202000|582534000|599708000|765472000|824838000|582534000|KLAC
2023-09-30|USD|1365861000|2312752000|946891000|946891000|751098000|239645000|311214000|614763000||-74234000||74234000|2386986000|26739000||63304000|851711000|110336000|74234000|741375000|728278000|925945000|989249000|741375000|KLAC
2023-06-30|USD|1264001000|2226950000|962949000|962949000|623278000|250857000|317110000|640723000||-73491000||73491000|2319477000|24776000||64656000|775506000|90852000|73491000|684654000|683604000|848997000|913653000|684654000|KLAC
2023-03-31|USD|1358739000|2364085000|1005346000|1005346000|707837000|238393000|328276000|650902000||-74774000||74774000|2432608000|14864000||65133000|800683000|102846000|74774000|697837000|711648000|875457000|940590000|697837000|KLAC
2022-12-31|USD|1711863000|2920649000|1208786000|1208786000|1069736000|243096000|332826000|642127000||-74280000||74280000|2983887000|18074000||65605000|1142973000|164178000|74280000|978795000|988534000|1217253000|1282858000|978795000|KLAC
2022-09-30|USD|1624178000|2665404000|1041226000|1041226000|961058000|253980000|318515000|633433000||-74395000||74395000|2739042000|47006000||65225000|1069954000|43963000|87681000|1026065000|994621000|1144349000|1209574000|1025991000|KLAC
2022-06-30|USD|1471642000|2450206000|978564000|978564000|873592000|236778000|296881000|598050000||-44197000||44197000|2497483000|19380000||64291000|949675000|144301000|44197000|805398000|849436000|993872000|1058163000|805374000|KLAC
2022-03-31|USD|1361092000|2253183000|892091000|892091000|801695000|216489000|285189000|559397000||-39978000||39978000|2288676000|-8644000||57719000|846197000|115625000|39978000|730660000|735518000|886175000|943894000|730572000|KLAC
2021-12-31|USD|1406880000|2315042000|908162000|908162000|874326000|213479000|265031000|532554000||-37852000||37852000|2352630000|-1201000||53544000|926832000|209388000|37852000|717517000|719009000|964684000|1018228000|717444000|KLAC
2021-09-30|USD|1216342000|2029966000|813624000|813624000|710884000|193261000|258153000|505458000||-38312000||38312000|2068199000|-14140000||53544000|766280000|-302137000|38312000|1068485000|1065930000|804592000|858136000|1068417000|KLAC
2021-06-30|USD|1153230000|1925471000|772241000|772241000|1153230000|192022000|241428000|487028000||-39970000||39970000|1925471000|29033000||52278000|708763000|75785000|39970000|1153230000|627894000|748733000|801011000|632978000|KLAC
2021-03-31|USD|1094144000|1803773000|709629000|709629000|578168000|183040000|238957000|477301000||-39092000||39092000|1803773000|7348000||52404000|640729000|73233000|39092000|567170000|569727000|679821000|732225000|567496000|KLAC
2020-12-31|USD|981137000|1650870000|669733000|669733000|475938000|181909000|229064000|466643000||-38880000||38880000|1650870000|-3882000||51070000|527670000|70419000|38880000|456983000|463993000|566550000|617620000|457251000|KLAC
2020-09-30|USD|918058000|1538620000|620562000|620562000|446468000|172631000|219038000|445669000||-39386000||39386000|1551527000|-3197000||50500000|484231000|63664000|39386000|420142000|420895000|523617000|574117000|420567000|KLAC
2020-06-30|USD|838049000|1459593000|621544000|621544000|838049000|167791000|217100000|477605000||-40221000||40221000|1459593000|-7868000||51314000|406007000|-5246000|40183000|838049000|419773000|446228000|497542000|411253000|KLAC
2020-03-31|USD|833806000|1423964000|590158000|590158000|55966000|185760000|215433000|716147000||-39231000|39231000|39231000|1401426000|1004000||54605000|115642000|37190000|61769000|78009000|56916000|154873000|209478000|78452000|KLAC
2019-12-31|USD|875835000|1509453000|633618000|633618000|365701000|192253000|220751000|472456000||-40472000|40472000|40472000|1509453000|2568000||56752000|425177000|44622000|40472000|380305000|385652000|465649000|522401000|380555000|KLAC
2019-09-30|USD|809173000|1413414000|604241000|604241000|300237000|188345000|210580000|456833000||-40350000|40350000|40350000|1400620000|1618000||57908000|371645000|25120000|40350000|346396000|347699000|411995000|469903000|346525000|KLAC
2019-06-30|USD|665650000|1258435000|592785000|592785000|665650000|190040000|206710000|455529000||-40517000|40467000|40517000|1258435000|||58779000|231827000|13982000|40517000|665650000|213723000|272344000|331123000|217845000|KLAC
2019-03-31|USD|610366000|1097311000|486945000|486945000|188212000|182184000|184887000|392939000||-31187000|31224000|31187000|1097311000|9282000||25868000|221473000|28745000|31187000|192645000|194268000|252660000|278528000|192728000|KLAC
2018-12-31|USD|711638000|1119898000|408260000|408260000|405446000|112462000|165903000|279665000||-26538000||26538000|1119898000|9228000||1300000|415963000|46863000|26538000|369100000|354820000|442501000|443801000|369100000|KLAC
2018-09-30|USD|711873000|1093260000|381387000|381387000|413140000|114438000|153530000|269368000||-26362000||26362000|1090255000|||1400000|427568000|31624000|26362000|395944000|404555000|453930000|455330000|395944000|KLAC
2018-06-30|USD|692438000|1070004000|377566000|377898000|692106000|116370000|151905000|269600000||-28309000||28309000|1070004000|11292000||1000000|406489000|57722000|28309000|692106000|349111000|434798000|435798000|348767000|KLAC
2018-03-31|USD|652938000|1021294000|368356000|368688000|356485000|113237000|153239000|268002000||-28119000||28119000|1021294000|8298000||1200000|365983000|59102000|28119000|306881000|305126000|394102000|395302000|306881000|KLAC
2017-12-31|USD|628820000|975822000|347002000|347334000|337625000|105265000|156700000|263491000||-27372000||27372000|975822000|8482000||1200000|347326000|481626000|27372000|-134319000|-136060000|374698000|375898000|-134300000|KLAC
2017-09-30|USD|616464000|969581000|353117000|353449000|329911000|107432000|146687000|255645000||-30576000||30576000|967290000|5041000||1200000|336152000|55216000|30576000|280936000|281478000|366728000|367928000|280936000|KLAC
2017-06-30|USD|590717000|937315000|346598000|347930000|590717000|104039000|136373000|242419000||-30648000||30648000||6682000||700000|325032000|68870000|30648000|590717000|253723000|355680000|356380000|256162000|KLAC
2017-03-31|USD|570535000|913809000|343274000|343274000|313141000|96252000|130170000|226922000||-30472000||30472000||5508000||500000|319149000|65587000|30472000|253562000|256834000|349621000|350121000|253562000|KLAC
2016-12-31|USD|558378000|876885000|318507000|318507000|302810000|93532000|130912000|224944000||-30624000||30624000||3535000||500000|306845000|68594000|30624000|238251000|232728000|337469000|337969000|238251000|KLAC
2016-09-30|USD|472837000|750673000|277836000|277836000|193084000|94388000|129233000|249021000||-30732000||30732000||3736000||1300000|222220000|44119000|30732000|178101000|180153000|252952000|254252000|178101000|KLAC
2016-06-30|USD|581603000|919171000|337568000|337568000|581603000|103797000|127454000|232868000||-30889000||30889000||9024000||1300000|328487000|56946000|30889000|581603000|265879000|359376000|360676000|271541000|KLAC
2016-03-31|USD|437834000|712433000|274599000|274599000|202518000|87407000|115589000|204421000||-30895000||30895000||5988000||1300000|209931000|34154000|30895000|175777000|183273000|240826000|242126000|175777000|KLAC
2015-12-31|USD|429265000|710245000|280980000|280980000|181230000|96532000|118272000|217496000||-30539000||30539000||1553000||1300000|185475000|33268000|30539000|152207000|147825000|216014000|217314000|152207000|KLAC
2015-09-30|USD|372400000|642644000|270244000|270244000|119464000|91663000|119943000|222372000||-30564000||30564000||4069000||3700000|134299000|29402000|30564000|104897000|99333000|164863000|168563000|104897000|KLAC
2015-06-30|USD|433065000|756332000|323267000|323267000|410665000|101739000|128839000|22400000||-30679000||30679000|129936000|-7339000||3700000|174938000|32919000|-101021000|410665000|139253000|205617000|209317000|142019000|KLAC
2015-03-31|USD|418177000|738459000|320282000|320282000|194986000|98608000|124583000|227191000||-30508000||30508000|0|1976000||4000000|166454000|34816000|30508000|131638000|129584000|196962000|200962000|131638000|KLAC
2014-12-31|USD|393144000|676357000|283213000|283213000|154714000|104873000|133557000|242430000||-31301000||31301000|-131700000|-129681000||4000000|-6268000|-26536000|163001000|20268000|20717000|25033000|29033000|20268000|KLAC
2014-09-30|USD|354434000|642901000|288467000|288467000|109153000|101644000|143637000|263567000||-13521000||13521000|0|3375000||4100000|99007000|26774000|13521000|72233000|66302000|112528000|116628000|72233000|KLAC
2014-06-30|USD|407678000|734343000|326665000|326665000|173014000|96216000|138448000|257077000||-13443000||13443000||||4300000|166606000|37875000|13443000|173014000|129810000|180049000|184349000|128731000|KLAC
2014-03-31|USD|488773000|831599000|342826000|342826000|261163000|93449000|134161000|246606000||-13396000||13396000||3479000||3500000|251246000|47665000|13396000|203581000|202479000|264642000|268142000|203581000|KLAC
2013-12-31|USD|419315000|705129000|285814000|285814000|187982000|96746000|134587000|250844000||-13311000||13311000||2074000||3900000|176745000|37499000|13311000|139246000|140889000|190056000|193956000|139246000|KLAC
2013-09-30|USD|380680000|658337000|277657000|277657000|149911000|98496000|132273000|270250000||-13662000||13662000||3615000||4500000|139864000|28667000|13662000|111197000|115952000|153526000|158026000|111197000|KLAC
2013-06-30|USD|413228000|720032000|306804000|306804000|187635000|97899000|127694000|270305000||-13773000||13773000|-1002000|||4500000|177090000|42320000|13773000|187635000|122951000|190863000|195363000|134770000|KLAC
2013-03-31|USD|419521000|729029000|309508000|309508000|202246000|98487000|118788000|256180000||-13469000||13469000|0|3338000||4500000|192115000|25733000|13469000|166382000|156613000|205584000|210084000|166382000|KLAC
2012-12-31|USD|369096000|673011000|303915000|303915000|153247000|94241000|121608000|251238000||-13431000||13431000||5058000||4600000|144874000|38244000|13431000|106630000|104683000|158305000|162905000|106630000|KLAC
2012-09-30|USD|403484000|720709000|317225000|317225000|186557000|97185000|119742000|259814000||-13503000||13503000||3488000||7200000|176542000|41175000|13503000|135367000|143399000|190045000|197245000|135367000|KLAC
2012-06-30|USD|530802000|892465000|361663000|361663000|318299000|93793000|118710000|282997000||-13503000||13503000||||7300000|305892000|58015000|13503000|318299000|234691000|319395000|326695000|247877000|KLAC
2012-03-31|USD|485372000|840521000|355149000|355149000|284274000|90996000|110102000|237817000||-13505000||13505000||3264000||7300000|274033000|68687000|13505000|205346000|208101000|287538000|294838000|205346000|KLAC
2011-12-31|USD|369627000|642482000|272855000|272855000|159463000|93801000|116363000|245306000||-13296000||13296000||740000||7700000|146907000|36110000|13296000|110797000|107050000|160203000|167903000|110797000|KLAC
2011-09-30|USD|456127000|796476000|340349000|340349000|254289000|94076000|107762000|238527000||-13893000||13893000||6866000||8000000|247262000|55267000|13893000|191995000|187429000|261155000|269155000|191995000|KLAC
2011-06-30|USD|536259000|892439000|356180000|356180000|344069000|91261000|100929000|239854000||-13897000||13897000|-2108000|||22533000|334043000|89026000|13897000|344069000|251139000|347940000|344069000|245017000|KLAC
2011-03-31|USD|506363000|834059000|327696000|327696000|311779000|98967000|95617000|228940000||-13409000||13409000||||21075000|301520000|91737000|13409000|209783000|214644000|314929000|311779000|209783000|KLAC
2010-12-31|USD|454929000|766327000|311398000|311398000|268866000|91166000|94897000|202856000||-13493000||13493000||||21653000|251191000|65699000|13493000|185492000|187220000|264684000|268866000|185492000|KLAC
2010-09-30|USD|418373000|682342000|263969000|263969000|235616000|88037000|94720000|198586000||-13529000||13529000||||20783000|223312000|69116000|13529000|154196000|170388000|236841000|256399000|154196000|KLAC
2010-06-30|USD|331500000|559419000|227919000|227919000|160842000|87349000|83309000|170658000||||13426000||||19554000|150102000|37017000|||99922000|163528000|169062000|113085000|KLAC
2010-03-31|USD|269734000|478299000|208565000|208565000|91279000|93714000|84741000|178455000||||14092000||||21420000|80271000|23255000|||55851000|94363000|91279000|57016000|KLAC
2009-12-31|USD|233069000|440355000|207286000|207286000|47095000|102673000|83301000|185974000||||13542000||||23240000|38016000|16222000||||51558000|70335000|21794000|KLAC
2009-09-30|USD|170795000|342687000|171892000|171892000|14950000|77636000|78209000|155845000||||13457000||||23134000|22792000|2387000||||36249000|38084000|20405000|KLAC
