fiscalDateEnding|reportedCurrency|grossProfit|totalRevenue|costOfRevenue|costofGoodsAndServicesSold|operatingIncome|sellingGeneralAndAdministrative|researchAndDevelopment|operatingExpenses|investmentIncomeNet|netInterestIncome|interestIncome|interestExpense|nonInterestIncome|otherNonOperatingIncome|depreciation|depreciationAndAmortization|incomeBeforeTax|incomeTaxExpense|interestAndDebtExpense|netIncomeFromContinuingOperations|comprehensiveIncomeNetOfTax|ebit|ebitda|netIncome|ticker
2024-09-30|USD|-494000000|695000000|1189000000|-1266000000|-793000000|246000000||299000000||952000000|2175000000|1223000000|-269000000|||53000000|-505000000|-95000000||-411000000|1453000000|-793000000|-740000000|-410000000|KEY
2024-06-30|USD|347000000|1526000000|1179000000|-25000000|51000000|242000000||296000000||887000000|2088000000|1201000000|627000000|||54000000|336000000|62000000||273000000|444000000|51000000|105000000|274000000|KEY
2024-03-31|USD|289000000|1533000000|1244000000||-11000000|246000000||300000000||875000000|2032000000|1157000000|647000000|||54000000|278000000|59000000|1157000000|219000000|134000000|1435000000|1489000000|219000000|KEY
2023-12-31|USD|64000000|1538000000|1474000000||-368000000|371000000||439000000||921000000|2050000000|1129000000|610000000|||56000000|57000000|-8000000|1129000000|65000000|1475000000|1186000000|1242000000|65000000|KEY
2023-09-30|USD|375000000|1566000000|1191000000||80000000|240000000||295000000||915000000|2043000000|1128000000|643000000|||55000000|368000000|65000000|1128000000|302000000|-292000000|1496000000|1551000000|303000000|KEY
2023-06-30|USD|352000000|1595000000|1243000000||41000000|251000000||311000000||978000000|2010000000|1032000000|609000000|||60000000|345000000|58000000|1032000000|286000000|-283000000|1377000000|1437000000|287000000|KEY
2023-03-31|USD|399000000|1714000000|1315000000||85000000|248000000||326000000||1099000000|1824000000|725000000|608000000|||61000000|393000000|81000000|725000000|311000000|1133000000|1118000000|1179000000|312000000|KEY
2022-12-31|USD|477000000|1898000000|1421000000||21000000|387000000||454000000||1220000000|1695000000|475000000|671000000|||64000000|470000000|76000000|475000000|394000000|356000000|945000000|1009000000|394000000|KEY
2022-09-30|USD|671000000|1886000000|1215000000||353000000|250000000||318000000||1196000000|1444000000|248000000|683000000|||68000000|666000000|124000000|248000000|540000000|-1549000000|914000000|982000000|542000000|KEY
2022-06-30|USD|669000000|1792000000|1123000000||331000000|269000000||338000000||1097000000|1193000000|96000000|688000000|||69000000|665000000|132000000|96000000|530000000|-704000000|761000000|830000000|533000000|KEY
2022-03-31|USD|543000000|1696000000|1153000000||209000000|259000000||328000000||1014000000|1080000000|66000000|676000000|||70000000|538000000|90000000|66000000|447000000|-1895000000|604000000|674000000|448000000|KEY
2021-12-31|USD|773000000|1947000000|1174000000||347000000|390000000||431000000||1033000000|1103000000|70000000|909000000|||72000000|770000000|141000000|70000000|627000000|88000000|840000000|912000000|629000000|KEY
2021-09-30|USD|817000000|1822000000|1005000000||471000000|259000000||346000000||1016000000|1087000000|71000000|797000000|||75000000|810000000|165000000|71000000|643000000|450000000|881000000|956000000|645000000|KEY
2021-06-30|USD|919000000|1773000000|854000000||570000000|259000000||349000000||1017000000|1090000000|73000000|750000000|||76000000|918000000|189000000|73000000|724000000|776000000|991000000|1067000000|729000000|KEY
2021-03-31|USD|772000000|1750000000|978000000||417000000|259000000||355000000||1005000000|1087000000|82000000|738000000|||75000000|769000000|147000000|82000000|618000000|-13000000|851000000|926000000|622000000|KEY
2020-12-31|USD|697000000|1845000000|1148000000||246000000|357000000||453000000||1035000000|1125000000|90000000|802000000|||31000000|696000000|114000000|90000000|575000000|453000000|786000000|817000000|582000000|KEY
2020-09-30|USD|490000000|1687000000|1197000000||162000000|239000000||328000000||1000000000|1119000000|119000000|681000000|||89000000|488000000|60000000|119000000|424000000|359000000|607000000|696000000|428000000|KEY
2020-06-30|USD|222000000|1717000000|1495000000||-103000000|234000000||325000000||1018000000|1190000000|172000000|692000000|||91000000|217000000|30000000|172000000|185000000|309000000|389000000|480000000|187000000|KEY
2020-03-31|USD|176000000|1466000000|1290000000||-122000000|196000000||300000000||981000000|1251000000|270000000|477000000|||92000000|169000000|23000000|270000000|145000000|934000000|439000000|531000000|146000000|KEY
2019-12-31|USD|549000000|1638000000|1089000000|1000000|143000000|304000000||405000000||979000000|1285000000|306000000|651000000|||30000000|544000000|75000000|306000000|466000000|336000000|850000000|880000000|469000000|KEY
2019-09-30|USD|491000000|1630000000|1139000000||213000000|194000000||278000000||972000000|1317000000|345000000|650000000|||98000000|486000000|70000000|345000000|413000000|577000000|831000000|929000000|416000000|KEY
2019-06-30|USD|518000000|1611000000|1093000000||223000000|198000000||295000000||981000000|1329000000|348000000|622000000|||97000000|512000000|87000000|348000000|423000000|953000000|860000000|957000000|425000000|KEY
2019-03-31|USD|496000000|1521000000|1025000000|1000000|176000000|215000000||319000000||977000000|1304000000|327000000|536000000|||88000000|489000000|82000000|327000000|406000000|695000000|816000000|904000000|407000000|KEY
2018-12-31|USD|582000000|1653000000|1071000000|166000000|130000000|335000000||453000000||1000000000|1297000000|297000000|645000000|||100000000|576000000|92000000|297000000|482000000|832000000|873000000|973000000|484000000|KEY
2018-09-30|USD|576000000|1602000000|1026000000|315000000|250000000|228000000||326000000||986000000|1239000000|253000000|609000000|||98000000|569000000|87000000|253000000|482000000|401000000|822000000|920000000|482000000|KEY
2018-06-30|USD|590000000|1647000000|1057000000|290000000|254000000|237000000||336000000||979000000|1205000000|226000000|660000000|||99000000|585000000|103000000|226000000|479000000|388000000|811000000|910000000|482000000|KEY
2018-03-31|USD|486000000|1553000000|1067000000|254000000|-461000000|817000000||947000000||944000000|1137000000|193000000|601000000|||103000000|480000000|62000000|193000000|416000000|206000000|673000000|776000000|418000000|KEY
2017-12-31|USD|461000000|1608000000|1147000000|225000000|-541000000|869000000||1010000000||938000000|1114000000|176000000|656000000|||101000000|447000000|251000000|176000000|195000000|-77000000|623000000|724000000|196000000|KEY
2017-09-30|USD|511000000|1554000000|1043000000|212000000|-381000000|795000000||892000000||948000000|1109000000|161000000|592000000|||97000000|498000000|134000000|161000000|363000000|364000000|659000000|756000000|364000000|KEY
2017-06-30|USD|579000000|1640000000|1061000000|210000000|-294000000|780000000||873000000||973000000|1117000000|144000000|653000000|||93000000|570000000|158000000|144000000|407000000|460000000|714000000|807000000|412000000|KEY
2017-03-31|USD|430000000|1506000000|1076000000|195000000|-576000000|789000000||1018000000||918000000|1050000000|132000000|577000000|||93000000|418000000|94000000|132000000|324000000|311000000|550000000|643000000|324000000|KEY
2016-12-31|USD|280000000|1566000000|1286000000|190000000|-923000000|987000000||1246000000||938000000|1062000000|124000000|618000000|||100000000|267000000|38000000|124000000|233000000|-130000000|391000000|491000000|229000000|KEY
2016-09-30|USD|196000000|1337000000|1141000000|169000000|-948000000|860000000||1144000000||780000000|890000000|110000000|549000000|||77000000|188000000|16000000|110000000|171000000|104000000|298000000|375000000|172000000|KEY
2016-06-30|USD|215000000|1078000000|803000000|139000000|-399000000|607000000||614000000||597000000|684000000|87000000|473000000|||62000000|271000000|69000000|87000000|199000000|301000000|358000000|420000000|202000000|KEY
2016-03-31|USD|131000000|1043000000|815000000|168000000|-451000000|574000000||583000000||604000000|683000000|79000000|431000000|||64000000|244000000|56000000|79000000|187000000|380000000|323000000|387000000|188000000|KEY
2015-12-31|USD|261000000|1095000000|781000000|116000000|-358000000|610000000||621000000||602000000|673000000|71000000|485000000|||64000000|299000000|73000000|71000000|230000000|93000000|370000000|434000000|226000000|KEY
2015-09-30|USD|247000000|1068000000|769000000|115000000|-357000000|595000000||604000000||591000000|661000000|70000000|470000000|||62000000|291000000|72000000|70000000|222000000|292000000|361000000|423000000|219000000|KEY
2015-06-30|USD|279000000|1031000000|752000000|109000000|-315000000|585000000||594000000||584000000|652000000|68000000|488000000|||9000000|322000000|84000000|68000000|235000000|172000000|390000000|399000000|238000000|KEY
2015-03-31|USD|269000000|973000000|704000000|100000000|-284000000|544000000||553000000||571000000|636000000|65000000|437000000|||9000000|307000000|74000000|65000000|228000000|310000000|372000000|381000000|233000000|KEY
2014-12-31|USD|324000000|1133000000|726000000|86000000|-263000000|577000000||589000000||582000000|646000000|64000000|490000000|||231000000|347000000|94000000|64000000|251000000|222000000|411000000|642000000|253000000|KEY
2014-09-30|USD|248000000|971000000|723000000|85000000|-334000000|572000000||582000000||575000000|639000000|64000000|417000000|||10000000|250000000|64000000|64000000|203000000|150000000|314000000|324000000|186000000|KEY
2014-06-30|USD|319000000|1018000000|699000000|76000000|-252000000|453000000||637000000||573000000|639000000|66000000|455000000|||9000000|295000000|76000000|66000000|247000000|254000000|361000000|370000000|219000000|KEY
2014-03-31|USD|324000000|992000000|668000000|73000000|-238000000|441000000||614000000||563000000|630000000|67000000|435000000|||10000000|334000000|92000000|67000000|238000000|270000000|401000000|411000000|242000000|KEY
2013-12-31|USD|287000000|1018000000|731000000|85000000|-314000000|466000000||635000000||583000000|649000000|66000000|453000000|||3000000|300000000|70000000|66000000|235000000|247000000|366000000|369000000|230000000|KEY
2013-09-30|USD|265000000|1009000000|744000000|97000000|-324000000|482000000||658000000||578000000|647000000|69000000|459000000|||4000000|331000000|59000000|69000000|235000000|220000000|400000000|404000000|272000000|KEY
2013-06-30|USD|243000000|982000000|739000000|104000000|-322000000|456000000||640000000||581000000|657000000|76000000|429000000|||10000000|276000000|72000000|76000000|199000000|48000000|352000000|362000000|204000000|KEY
2013-03-31|USD|217000000|953000000|736000000|139000000|-318000000|436000000||591000000||583000000|667000000|84000000|425000000|||12000000|274000000|70000000|84000000|201000000|167000000|358000000|370000000|204000000|KEY
2012-12-31|USD|227000000|1040000000|813000000|138000000|-482000000|568000000||740000000||601000000|688000000|87000000|439000000|||17000000|256000000|53000000|87000000|196000000|148000000|343000000|360000000|203000000|KEY
2012-09-30|USD|194000000|1037000000|843000000|208000000|-411000000|485000000||666000000||572000000|671000000|99000000|518000000|||6000000|270000000|51000000|99000000|216000000|224000000|369000000|375000000|219000000|KEY
2012-06-30|USD|298000000|1033000000|735000000|145000000|-279000000|464000000||676000000||538000000|662000000|124000000|457000000|||59000000|290000000|54000000|124000000|222000000|188000000|414000000|352000000|236000000|KEY
2012-03-31|USD|238000000|983000000|745000000|173000000|-265000000|439000000||618000000||553000000|684000000|131000000|442000000|||60000000|273000000|73000000|131000000|201000000|209000000|404000000|335000000|200000000|KEY
2011-12-31|USD|298000000|993000000|695000000|129000000|-341000000|573000000||799000000||557000000|698000000|141000000|294000000|||62000000|264000000|64000000|141000000|198000000|188000000|405000000|331000000|200000000|KEY
2011-09-30|USD|320000000|1022000000|702000000|166000000|-183000000|438000000||642000000||549000000|705000000|156000000|483000000|||65000000|312000000|95000000|156000000|234000000|217000000|468000000|377000000|217000000|KEY
2011-06-30|USD|354000000|1026000000|672000000|154000000|-140000000|432000000||640000000||564000000|726000000|162000000|454000000|||69000000|334000000|94000000|162000000|249000000|240000000|496000000|403000000|240000000|KEY
2011-03-31|USD|433000000|1094000000|661000000|123000000|-55000000|423000000||643000000||597000000|760000000|163000000|457000000|||74000000|374000000|111000000|163000000|274000000|264000000|537000000|448000000|263000000|KEY
2010-12-31|USD|605000000|1252000000|647000000|120000000|99000000|556000000||680000000||629000000|811000000|182000000|526000000|||76000000|492000000|172000000|182000000|333000000|336000000|674000000|568000000|320000000|KEY
2010-09-30|USD|202000000|1032000000|830000000|298000000|-335000000|426000000||726000000||640000000|844000000|204000000|486000000|||81000000|304000000|85000000|204000000|204000000|219000000|508000000|385000000|219000000|KEY
2010-06-30|USD|-116000000|881000000|997000000|472000000|-669000000|448000000||796000000||617000000|861000000|244000000|492000000|||85000000|81000000|11000000|244000000|97000000|70000000|325000000|166000000|70000000|KEY
2010-03-31|USD|-536000000|662000000|1198000000|680000000|-1062000000|422000000||822000000||625000000|892000000|267000000|450000000|||88000000|-137000000|-82000000|267000000|-57000000|-55000000|130000000|-49000000|-55000000|KEY
2009-12-31|USD|-1284000000|343000000|1627000000|121000000|-2999000000|1585000000||2114000000||630000000|933000000|303000000|469000000|||87000000|-571000000|-347000000|303000000|-205000000|-224000000|-268000000|-484000000|-224000000|KEY
2009-09-30|USD|-1393000000|241000000|1634000000|1081000000|-1564000000|67000000||518000000||592000000|940000000|348000000|382000000|||95000000|-671000000|-274000000|348000000|-386000000|-397000000|-323000000|-576000000|-397000000|KEY
2009-06-30|USD|-1263000000|457000000|1720000000|1199000000|-1438000000|65000000||452000000||569000000|945000000|376000000|706000000|||98000000|-402000000|-176000000|402000000|-233000000|-226000000|-26000000|-305000000|-226000000|KEY
2009-03-31|USD|1106000000|1106000000|1235000000|1235000000|-780000000|439000000||-1886000000||589000000|977000000|388000000|478000000|||102000000|-726000000|-238000000||||-338000000|-678000000|-488000000|KEY
2008-12-31|USD|987000000|987000000|91000000|91000000|-859000000|443000000||-1846000000||617000000|1094000000|477000000|383000000|||104000000|-842000000|-318000000||||-365000000|-755000000|-524000000|KEY
2008-09-30|USD|1087000000|1087000000|825000000|825000000|-82000000|381000000||-1169000000||678000000|1167000000|489000000|390000000|||110000000|-58000000|-22000000||||431000000|28000000|-36000000|KEY
2008-06-30|USD|913000000|913000000|893000000|893000000|-515000000|404000000||-1428000000||358000000|880000000|522000000|547000000|||107000000|-516000000|610000000||||6000000|-408000000|-1126000000|KEY
