fiscalDateEnding|reportedCurrency|grossProfit|totalRevenue|costOfRevenue|costofGoodsAndServicesSold|operatingIncome|sellingGeneralAndAdministrative|researchAndDevelopment|operatingExpenses|investmentIncomeNet|netInterestIncome|interestIncome|interestExpense|nonInterestIncome|otherNonOperatingIncome|depreciation|depreciationAndAmortization|incomeBeforeTax|incomeTaxExpense|interestAndDebtExpense|netIncomeFromContinuingOperations|comprehensiveIncomeNetOfTax|ebit|ebitda|netIncome|ticker
2024-11-30|USD|722200000|1798000000|1075800000|1075800000|306200000|414400000||559200000||-6800000||52700000||10700000||51300000|282400000|67200000||215200000|110700000|335100000|368200000|215200000|MKC
2024-08-31|USD|649900000|1679800000|1029900000|1029900000|286500000|361500000||361500000||-53500000||53500000||13200000||54600000|264100000|41000000||223100000|223000000|317600000|359300000|223100000|MKC
2024-05-31|USD|619600000|1643200000|1023600000|1023600000|234100000|383700000||383700000||-52900000||52900000||12400000||57100000|210400000|26200000|52900000|184200000|192200000|263300000|295300000|184200000|MKC
2024-02-29|USD|599300000|1602700000|1003400000|1003400000|233500000|361600000||361600000||-50300000||50300000||11100000||45800000|215600000|49600000|50300000|166000000|163000000|265900000|285500000|166000000|MKC
2023-11-30|USD|701300000|1752800000|1051500000|1051500000|297200000|390000000|94900000|529000000||-52700000|10200000|52700000|-200000|13200000||48900000|276400000|57100000|52700000|219300000|226600000|329100000|356400000|219300000|MKC
2023-08-31|USD|622800000|1684700000|1061900000|1061900000|245000000|371700000||371700000||-52700000|43300000|52700000|0|7100000||53800000|212800000|42700000|52700000|170100000|208600000|265500000|312000000|170100000|MKC
2023-05-31|USD|615500000|1659200000|1043700000|1043700000|221800000|380500000||380500000||-52200000|52200000|52200000||12500000||74400000|192400000|40300000|52200000|152100000|160000000|244600000|296200000|152100000|MKC
2023-02-28|USD|562900000|1565500000|1002600000|1002600000|199000000|336100000||336100000||-50600000|50600000|50600000||11100000||86700000|173500000|34400000|50600000|139100000|181500000|224100000|285700000|139100000|MKC
2022-11-30|USD|624400000|1695700000|1071300000|1071300000|264300000|346500000|87500000|540800000||-44400000|44400000|44400000|-49100000|8400000||74400000|238900000|53200000|44400000|185700000|296400000|283300000|338700000|185700000|MKC
2022-08-31|USD|566700000|1595600000|1028900000|1028900000|235200000|328100000||278500000||-37900000|4800000|37900000|49600000|77400000||81200000|282200000|59300000|37900000|222900000|88000000|320100000|316400000|222900000|MKC
2022-05-31|USD|523000000|1536800000|1013800000|1013800000|157200000|349200000||352200000||-33700000|33700000|33700000||6300000||72100000|140200000|21700000|33700000|118500000|80300000|173900000|229300000|118500000|MKC
2022-02-28|USD|560400000|1522400000|962000000|962000000|206900000|333300000||334700000||-33100000|33100000|33100000||6200000||75400000|189300000|34400000|33100000|154900000|167400000|222400000|282300000|154900000|MKC
2021-11-30|USD|702900000|1730300000|1027400000|1027400000|276200000|398900000|87300000|545700000||-33300000|33300000|33300000|-200000|5300000||47200000|254600000|57200000|33300000|197400000|204400000|287900000|356500000|197400000|MKC
2021-08-31|USD|599600000|1549400000|949800000|949800000|265200000|327300000||329900000||-33900000|33900000|33900000|0|3500000||47200000|243900000|31500000|33900000|212400000|140200000|277800000|323000000|212400000|MKC
2021-05-31|USD|614600000|1556700000|942100000|942100000|237400000|356600000||370400000||-35600000|35600000|35600000||3900000||43800000|229100000|45400000|35600000|183700000|244200000|264700000|305700000|183700000|MKC
2021-02-28|USD|577500000|1481500000|904000000|904000000|236300000|321300000||345100000||-33800000|33800000|33800000||4600000||48100000|220400000|58600000|33800000|161800000|211400000|254200000|307800000|161800000|MKC
2020-11-30|USD|660700000|1557900000|897200000|897200000|274900000|370500000|68600000|21400000||-4500000|27900000|32400000||5100000||9000000|258200000|57500000|4500000|274900000|160400000|290600000|299600000|200700000|MKC
2020-08-31|USD|590300000|1430300000|840000000|840000000|273000000|317200000||319400000||-33500000|33500000|33500000||3900000||2200000|253000000|46900000|33500000|206100000|354800000|286500000|288700000|206100000|MKC
2020-05-31|USD|579500000|1401100000|821600000|821600000|257400000|319200000||321500000||-34400000|34900000|34400000||3100000||2300000|236300000|40400000|34400000|195900000|137400000|270700000|273000000|195900000|MKC
2020-02-29|USD|469900000|1212000000|742100000|742100000|194200000|274700000||274700000||-35300000|33300000|35300000||5500000||2200000|174800000|30100000|35300000|144700000|125600000|210100000|212300000|144700000|MKC
2019-11-30|USD|630000000|1484800000|854800000|854800000|299200000|326900000|67300000|412900000||-38500000|38600000|38500000||7400000||40800000|279800000|66400000|38500000|299200000|142100000|318300000|347400000|213400000|MKC
2019-08-31|USD|539900000|1329200000|789300000|789300000|253500000|278700000|67300000|278700000||-41300000|41400000|41300000||6900000||39000000|228700000|36800000|41300000|191900000|146500000|270000000|299400000|191900000|MKC
2019-05-31|USD|508500000|1301900000|793400000|793400000|208100000|293300000|67300000|293300000||-42400000|42800000|42400000||6300000||38700000|181500000|32100000|42400000|149400000|94100000|223900000|214400000|149400000|MKC
2019-02-28|USD|466900000|1231500000|764600000|764600000|196900000|267900000|67300000|267900000||-43000000||43000000||6100000||40300000|170100000|22100000|43000000|148000000|180900000|213100000|245400000|148000000|MKC
2018-11-30|USD|605000000|1467900000|862900000|862900000|291500000|310700000|69400000|468800000||-43900000||43900000||11300000||39100000|269800000|55800000|43900000|294900000|209600000|313700000|303200000|214000000|MKC
2018-08-31|USD|522500000|1318200000|795700000|795700000|229900000|283700000|69400000|358600000||-44700000||44700000||4800000||37500000|198400000|24900000|44700000|173500000|126300000|243100000|240300000|173500000|MKC
2018-05-31|USD|505400000|1301300000|795900000|795900000|188600000|300600000|69400000|375100000||-44200000||44200000||4600000||37500000|156400000|33100000|44200000|123300000|38800000|200600000|246900000|123300000|MKC
2018-02-28|USD|460400000|1215400000|755000000|755000000|181100000|268400000|69400000|334100000||-41800000||41800000||4100000||36600000|151500000|-271100000|41800000|422600000|499900000|193300000|230500000|422600000|MKC
2017-11-30|USD|668200000|1490900000|822700000|935100000|266900000|162200000|66099999|458800000||-44800000||44800000|-1300000|3600000||5200000|233400000|57700000|44800000|266900000|-140800000|278200000|283400000|175700000|MKC
2017-08-31|USD|484400000|1185200000|700800000|700800000|168700000|286500000||321000000||-21500000||21500000|0|1200000||4100000|141200000|33000000|21500000|108200000|330600000|162700000|166800000|108200000|MKC
2017-05-31|USD|444600000|1114300000|669700000|669700000|132600000|307300000||307300000||-14900000||14900000|1600000|1200000||29800000|127300000|27300000|14900000|100000000|265100000|142200000|133800000|100000000|MKC
2017-02-28|USD|413000000|1043700000|630700000|630700000|134200000|275200000||275200000||-14500000||14500000|100000|100000||28300000|126800000|33300000|14500000|93500000|258600000|141300000|162600000|93500000|MKC
2016-11-30|USD|540000000|1267000000|1110500000|687000000|219100000|315000000|61000000|388800000||-14300000||14300000|-3200000|2200000||2700000|218900000|61500000|14300000|219100000|-276400000|233200000|235900000|157400000|MKC
2016-08-31|USD|453900000|1076900000|918900000|637100000|167800000|281800000||281800000||-14100000||14100000|200000|200000||4100000|162000000|34300000|14100000|127700000|243100000|176100000|180200000|127700000|MKC
2016-05-31|USD|432800000|1049600000|934400000|630500000|125000000|303900000||303900000||-13700000||13700000|600000|700000||26600000|119700000|25900000|13700000|93800000|223600000|133400000|152300000|93800000|MKC
2016-02-29|USD|405000000|1017200000|899500000|625200000|129100000|274300000||274300000||-13900000||13900000|900000|1100000||26400000|124700000|31300000|13900000|93400000|170600000|138600000|156600000|93400000|MKC
2015-11-30|USD|521700000|1201900000|1087600000|776000000|212200000|307100000|60800000|373000000||-13800000||13800000|-2300000|500000||27200000|208600000|59400000|13800000|212200000|-157200000|222400000|239900000|149200000|MKC
2015-08-31|USD|421900000|1046300000|910300000|638000000|138700000|271500000||272300000||-13600000||13600000||200000||26200000|135000000|37400000|13600000|97600000|162500000|148600000|138900000|97600000|MKC
2015-05-31|USD|404000000|1011100000|902200000|620100000|103800000|281200000||282100000||-13000000||13000000||600000||27600000|98800000|14500000|13000000|84300000|161200000|111800000|132000000|84300000|MKC
2015-02-28|USD|389700000|997500000|888300000|620700000|93700000|267600000||267600000||-12900000||12900000||200000||24900000|90500000|20000000|12900000|70500000|14500000|103400000|118400000|70500000|MKC
2014-11-30|USD|506100000|1173600000|1077200000|767800000|199400000|303800000|62000000|372700000||-12400000||12400000||300000||24600000|196600000|48600000|12400000|199400000|-300500000|209000000|199700000|148000000|MKC
2014-08-31|USD|420100000|1030400000|883200000|622700000|157300000|260500000||260500000||-12400000||12400000||300000||24600000|154000000|31100000|12400000|122900000|208200000|166400000|182200000|122900000|MKC
2014-05-31|USD|412500000|1020900000|911700000|620900000|121700000|290800000||303300000||-12500000||12500000||300000||26700000|115700000|31200000|12500000|84500000|171900000|128200000|148700000|84500000|MKC
2014-02-28|USD|391500000|981000000|868800000|601900000|124600000|266900000||279300000||-12400000||12400000||-200000||26800000|117500000|35000000|12400000|82500000|172900000|129900000|151600000|82500000|MKC
2013-11-30|USD|502200000|1170100000|1073000000|764700000|174100000|287800000|61300000|381800000||-11900000||11900000||500000||29100000|169500000|39600000|11900000|174100000|51800000|181400000|203700000|129900000|MKC
2013-08-31|USD|407600000|1002400000|868000000|608800000|148400000|259200000||273200000||-14000000||14000000||300000||25200000|139700000|35300000|14000000|104400000|209500000|153700000|173900000|104400000|MKC
2013-05-31|USD|394400000|989100000|886600000|608200000|116000000|278400000||291900000||-13500000||13500000||800000||25500000|109200000|30600000|13500000|78600000|136400000|122700000|116800000|78600000|MKC
2013-02-28|USD|361700000|920500000|822400000|572700000|112000000|249700000||263600000||-13900000||13900000||600000||26200000|104100000|28100000|13900000|76000000|149400000|118000000|138800000|76000000|MKC
2012-11-30|USD|482400000|1145800000|1143100000|758200000|200200000|282100000|57800000|457400000||-13900000||13900000||600000||26000000|194500000|46000000|13900000|200200000|-183400000|208400000|226900000|148500000|MKC
2012-08-31|USD|391700000|964500000|833500000|586000000|144200000|247500000||260700000||-13200000||13200000||900000||26200000|137400000|33000000|13200000|104400000|247500000|150600000|170400000|104400000|MKC
2012-05-31|USD|388400000|970100000|862700000|595600000|121300000|267100000||281000000||-13900000||13900000||-100000||24800000|111200000|30800000|13900000|80400000|70100000|125100000|146100000|80400000|MKC
2012-02-29|USD|355300000|893200000|794200000|551400000|112500000|242800000||256300000||-13500000||13500000||900000||25800000|104500000|30000000|13500000|74500000|94700000|118000000|138300000|74500000|MKC
2011-11-30|USD|479100000|1110700000|1113300000|721000000|192000000|287100000|58100000|452800000||-13600000||13600000||-200000||25100000|182600000|50900000|13600000|192000000|-35800000|196200000|217100000|131700000|MKC
2011-08-31|USD|364500000|907300000|793600000|555900000|128400000|236100000||253600000||-13100000||13100000||1100000||24700000|123200000|31200000|13100000|92000000|86600000|136300000|153100000|92000000|MKC
2011-05-31|USD|350700000|871400000|774400000|533000000|109300000|241400000||253700000||-12300000||12300000||900000||24800000|104000000|30400000|12300000|73600000|73600000|116300000|134100000|73600000|MKC
2011-02-28|USD|328200000|770600000|672200000|454600000|110600000|217600000||229800000||-12200000||12200000||500000||23700000|106800000|30000000|12200000|76800000|76800000|119000000|134300000|76800000|MKC
2010-11-30|USD|446000000|979500000|794000000|533400000|185400000|260600000|52700000|272800000||-12300000||12300000||1200000||25000000|180200000|46600000|12300000|185400000|21600000|192500000|210400000|133600000|MKC
2010-08-31|USD|334800000|782200000|668600000|459800000|126000000|208800000||221200000||-12400000||12400000||500000||24200000|120700000|18300000|12400000|102400000|102400000|133100000|150200000|102400000|MKC
2010-05-31|USD|326700000|798300000|471600000|471600000|97500000|229200000||229200000||||12300000||0||22800000|91900000|25700000||||104200000|120300000|66200000|MKC
2010-02-28|USD|310200000|764500000|454300000|454300000|100800000|209400000||209400000||||12300000||600000||23100000|95400000|27500000||||107700000|123900000|67900000|MKC
2009-11-30|USD|421700000|924600000|502900000|502900000|177900000|238300000|48900000|238300000||||12600000||600000||24700000|172100000|55800000||||184700000|208100000|116300000|MKC
2009-08-31|USD|319000000|791700000|472700000|472700000|116600000|201500000||201500000||||12800000||300000||22500000|107200000|32100000||||120000000|117500000|75100000|MKC
