fiscalDateEnding|reportedCurrency|grossProfit|totalRevenue|costOfRevenue|costofGoodsAndServicesSold|operatingIncome|sellingGeneralAndAdministrative|researchAndDevelopment|operatingExpenses|investmentIncomeNet|netInterestIncome|interestIncome|interestExpense|nonInterestIncome|otherNonOperatingIncome|depreciation|depreciationAndAmortization|incomeBeforeTax|incomeTaxExpense|interestAndDebtExpense|netIncomeFromContinuingOperations|comprehensiveIncomeNetOfTax|ebit|ebitda|netIncome|ticker
2024-09-30|USD|222000000|9592000000|9370000000|5181000000|281000000|2385000000||4189000000||-445000000|49000000|494000000|9592000000|30000000||1762000000|-184000000|-319000000|471000000|141000000|617000000|281000000|2043000000|135000000|WBD
2024-06-30|USD|-9558000000|10350000000|19908000000|6204000000|-10208000000|2461000000||13704000000||-455000000|63000000|518000000|10350000000|172000000||1744000000|-9993000000|-7000000|-24000000|-10028000000|-9960000000|-10208000000|-8464000000|-9986000000|WBD
2024-03-31|USD|-1020000000|9274000000|10294000000|6058000000|-267000000|2232000000||4236000000||-515000000|60000000|515000000|9789000000|11000000||1888000000|-830000000|136000000|490000000|-955000000|-1138000000|-315000000|1573000000|-966000000|WBD
2023-12-31|USD|-2570000000|7856000000|10426000000|5896000000|-182000000|2455000000||4530000000||-502000000|51000000|502000000|10317000000|97000000||2024000000|-621000000|-221000000|502000000|-392000000|286000000|-119000000|1905000000|-400000000|WBD
2023-09-30|USD|66000000|9979000000|9913000000|5309000000|97000000|2291000000||4604000000||-574000000|43000000|574000000|9880000000|-63000000||1989000000|-542000000|-125000000|552000000|-407000000|-802000000|32000000|2021000000|-417000000|WBD
2023-06-30|USD|-953000000|10358000000|11311000000|6636000000|-906000000|2562000000||4675000000||-574000000|611000000|574000000|10340000000|27000000||1914000000|-1500000000|-260000000|579000000|-1220000000|-1177000000|-926000000|988000000|-1240000000|WBD
2023-03-31|USD|-604000000|10700000000|11304000000|6685000000|-557000000|2388000000||4619000000||-571000000|56000000|571000000|10577000000|-73000000||2058000000|-1247000000|-178000000|571000000|-1060000000|-651000000|-676000000|1382000000|-1069000000|WBD
2022-12-31|USD|-16749000000|12028000000|28777000000|6954000000|-1894000000|2511000000||5899000000||-558000000|693000000|558000000|10962000000|-64000000||2169000000|-2563000000|-462000000|558000000|-2079000000|-1505000000|-2005000000|164000000|-2101000000|WBD
2022-09-30|USD|4196000000|9823000000|5627000000|5627000000|-2190000000|2589000000||6402000000||-555000000|696000000|555000000|9683000000|-28000000||2233000000|-2874000000|-566000000|555000000|-2285000000|-2974000000|-2319000000|-86000000|-2308000000|WBD
2022-06-30|USD|3202000000|9827000000|6625000000|6625000000|-3639000000|3538000000||7820000000||-511000000|596000000|511000000|9814000000|-51000000||2266000000|-4254000000|-836000000|511000000|-3408000000|-3924000000|-3743000000|-1477000000|-3418000000|WBD
2022-03-31|USD|1923000000|3159000000|1236000000|1236000000|353000000|1040000000||1668000000||-153000000|2000000|153000000|3667000000|490000000||525000000|657000000|201000000|153000000|475000000|339000000|810000000|1335000000|456000000|WBD
2021-12-31|USD|-196000000|3783000000|196000000|1067000000|508000000|1069000000||196000000||-154000000|14000000|154000000|3245000000|-173000000||539000000|130000000|92000000|154000000|-392000000|-75000000|284000000|823000000|38000000|WBD
2021-09-30|USD|1621000000|3150000000|1529000000|1529000000|329000000|944000000||1305000000||-159000000|1000000|159000000|3144000000|72000000||341000000|192000000|36000000|165000000|197000000|24000000|351000000|692000000|156000000|WBD
2021-06-30|USD|2007000000|3062000000|1055000000|1055000000|779000000|952000000||1335000000||-157000000|2000000|157000000|3061000000|105000000||341000000|674000000|2000000|158000000|718000000|668000000|831000000|1172000000|672000000|WBD
2021-03-31|USD|1823000000|2792000000|969000000|969000000|396000000|1051000000||1431000000||-163000000|1000000|163000000|2808000000|68000000||361000000|246000000|106000000|163000000|191000000|210000000|409000000|770000000|140000000|WBD
2020-12-31|USD|-2112000000|3189000000|5301000000|1129000000|488000000|809000000||1154000000||-163000000|65000000|163000000|2897000000|58000000||358000000|369000000|98000000|174000000|318000000|518000000|532000000|890000000|271000000|WBD
2020-09-30|USD|1558000000|2561000000|1003000000|1003000000|531000000|633000000||1027000000||-161000000||161000000|2556000000|-28000000||341000000|289000000|-11000000|166000000|330000000|423000000|450000000|791000000|300000000|WBD
2020-06-30|USD|1731000000|2541000000|810000000|810000000|717000000|635000000||976000000||-161000000||161000000|2470000000|-6000000||334000000|427000000|156000000|232000000|300000000|372000000|588000000|922000000|271000000|WBD
2020-03-31|USD|1765000000|2683000000|918000000|918000000|779000000|645000000||991000000||-163000000||163000000|2704000000|-58000000||326000000|507000000|130000000|163000000|407000000|77000000|670000000|996000000|377000000|WBD
2019-12-31|USD|2874000000|2874000000|5198000000|1037000000|705000000|793000000||1132000000|0|-162000000||162000000|2874000000|2000000||333000000|528000000|52000000|162000000|705000000|683000000|690000000|1023000000|476000000|WBD
2019-09-30|USD|1764000000|2678000000|914000000|914000000|619000000|660000000||990000000|0|-163000000||163000000|2705000000|-1000000||322000000|409000000|147000000|163000000|297000000|147000000|572000000|894000000|262000000|WBD
2019-06-30|USD|1947000000|2885000000|938000000|938000000|911000000|709000000||1036000000|0|-161000000||161000000|2874000000|9000000||320000000|676000000|-271000000|184000000|987000000|928000000|837000000|1157000000|947000000|WBD
2019-03-31|USD|1777000000|2707000000|930000000|930000000|774000000|626000000||1003000000|1000000|-182000000||182000000|2693000000|-27000000||372000000|537000000|153000000|187000000|418000000|304000000|719000000|1091000000|384000000|WBD
2018-12-31|USD|1863000000|2809000000|946000000|946000000|711000000|657000000||1152000000||-171000000||171000000|2809000000|-36000000||397000000|464000000|195000000|171000000|711000000|247000000|635000000|1032000000|269000000|WBD
2018-09-30|USD|1658000000|2592000000|934000000|934000000|369000000|667000000||1289000000||-185000000||185000000|2584000000|-15000000||398000000|160000000|43000000|185000000|135000000|144000000|345000000|743000000|117000000|WBD
2018-06-30|USD|1850000000|2845000000|995000000|995000000|650000000|687000000||1284000000||-196000000||196000000|2798000000|-47000000||410000000|339000000|123000000|196000000|244000000|39000000|535000000|945000000|216000000|WBD
2018-03-31|USD|1247000000|2307000000|1060000000|1060000000|204000000|609000000||1043000000||-177000000||177000000|-4000000|-22000000||193000000|-28000000|-20000000|177000000|3000000|-10000000|149000000|342000000|-8000000|WBD
2017-12-31|USD|1119000000|1864000000|745000000|745000000|-837000000|507000000||1300000000||-157000000||157000000|1864000000|33000000||90000000|-1057000000|87000000|157000000|-837000000|-1143000000|-900000000|-810000000|-1144000000|WBD
2017-09-30|USD|981000000|1651000000|670000000|670000000|433000000|457000000||548000000||-136000000||136000000|27000000|-106000000||80000000|159000000|-59000000|136000000|223000000|249000000|295000000|375000000|218000000|WBD
2017-06-30|USD|1111000000|1745000000|634000000|634000000|630000000|389000000||477000000||-91000000||91000000|26000000|-24000000||80000000|467000000|93000000|91000000|380000000|461000000|630000000|638000000|374000000|WBD
2017-03-31|USD|1006000000|1613000000|607000000|607000000|487000000|415000000||519000000||-91000000||91000000|-64000000|-13000000||80000000|270000000|55000000|145000000|221000000|273000000|487000000|441000000|215000000|WBD
2016-12-31|USD|1027000000|1672000000|645000000|645000000|525000000|463000000||502000000||-86000000||86000000|73000000|31000000||83000000|455000000|151000000|86000000|525000000|185000000|525000000|624000000|304000000|WBD
2016-09-30|USD|964000000|1556000000|592000000|592000000|458000000|419000000||506000000||-91000000||91000000|16000000|-49000000||80000000|315000000|96000000|91000000|225000000|256000000|458000000|486000000|219000000|WBD
2016-06-30|USD|1105000000|1708000000|603000000|603000000|586000000|400000000||519000000||-91000000||91000000|39000000|38000000||80000000|503000000|95000000|91000000|415000000|342000000|586000000|674000000|408000000|WBD
2016-03-31|USD|969000000|1561000000|592000000|592000000|489000000|408000000||480000000||-85000000||85000000|9000000|-16000000||79000000|374000000|111000000|85000000|269000000|282000000|489000000|538000000|263000000|WBD
2015-12-31|USD|1646000000|1646000000|640000000|640000000|441000000|445000000||565000000||-82000000||82000000|-42000000|-19000000||87000000|336000000|117000000|82000000|441000000|155000000|441000000|505000000|219000000|WBD
2015-09-30|USD|983000000|1557000000|574000000|574000000|505000000|394000000||478000000||-82000000||82000000|2000000|0||80000000|409000000|130000000|82000000|283000000|231000000|505000000|571000000|279000000|WBD
2015-06-30|USD|1090000000|1654000000|564000000|564000000|557000000|430000000||536000000||-77000000||77000000|-55000000|-59000000||82000000|425000000|139000000|77000000|289000000|395000000|557000000|584000000|286000000|WBD
2015-03-31|USD|972000000|1537000000|565000000|565000000|482000000|400000000||590000000||-89000000||89000000|-23000000|-19000000||81000000|375000000|125000000|89000000|250000000|49000000|482000000|545000000|250000000|WBD
2014-12-31|USD|1676000000|1676000000|598000000|598000000|476000000|445000000||676000000||-81000000||81000000|-10000000|-20000000||86000000|379000000|129000000|81000000|476000000|77000000|476000000|546000000|250000000|WBD
2014-09-30|USD|1039000000|1568000000|529000000|529000000|511000000|432000000||610000000||-83000000||83000000|8000000|1000000||85000000|435000000|155000000|83000000|287000000|123000000|511000000|603000000|280000000|WBD
2014-06-30|USD|1095000000|1610000000|515000000|515000000|640000000|406000000||569000000||-83000000||83000000|-1000000|27000000||75000000|587000000|208000000|83000000|384000000|337000000|640000000|745000000|379000000|WBD
2014-03-31|USD|929000000|1411000000|482000000|482000000|434000000|409000000||583000000||-81000000||81000000|-18000000|-17000000||83000000|348000000|118000000|81000000|231000000|230000000|434000000|512000000|230000000|WBD
2013-12-31|USD|1537000000|1537000000|475000000|475000000|522000000|449000000||680000000||-78000000||78000000|0|-12000000||86000000|458000000|169000000|78000000|288000000|285000000|522000000|622000000|289000000|WBD
2013-09-30|USD|860000000|1295000000|435000000|435000000|488000000|390000000||585000000||-80000000||80000000|11000000|11000000||80000000|418000000|163000000|80000000|255000000|359000000|488000000|578000000|255000000|WBD
2013-06-30|USD|950000000|1387000000|437000000|437000000|549000000|394000000||570000000||-80000000||80000000|18000000|19000000||78000000|481000000|181000000|80000000|297000000|255000000|549000000|639000000|300000000|WBD
2013-03-31|USD|746000000|1088000000|342000000|342000000|416000000|365000000||528000000||-68000000||68000000|-61000000|31000000||32000000|377000000|146000000|68000000|231000000|176000000|416000000|477000000|231000000|WBD
2012-12-31|USD|1200000000|1200000000|328000000|328000000|481000000|355000000||497000000||-64000000||64000000|0|-6000000||30000000|405000000|181000000|64000000|224000000|236000000|481000000|499000000|224000000|WBD
2012-09-30|USD|712000000|1008000000|296000000|296000000|438000000|314000000||450000000||-68000000||68000000||1000000||27000000|339000000|134000000|68000000|214000000|220000000|438000000|434000000|205000000|WBD
2012-06-30|USD|767000000|1081000000|298000000|314000000|488000000|307000000||433000000||-61000000||61000000||0||31000000|420000000|127000000|61000000|294000000|282000000|488000000|512000000|293000000|WBD
2012-03-31|USD|737000000|1048000000|296000000|311000000|448000000|311000000||442000000||-55000000||55000000||-2000000||29000000|341000000|120000000|55000000|222000000|232000000|448000000|425000000|221000000|WBD
2011-12-31|USD|792000000|1122000000|330000000|330000000|422000000|316000000||3000000||-54000000||54000000|-1000000|13000000||29000000|448000000|112000000|54000000|336000000|335000000|422000000|531000000|336000000|WBD
2011-09-30|USD|697000000|1039000000|328000000|342000000|428000000|293000000||404000000||-56000000||56000000|-2000000|-5000000||29000000|364000000|127000000|56000000|240000000|225000000|428000000|449000000|237000000|WBD
2011-06-30|USD|730000000|1018000000|288000000|288000000|445000000|300000000||415000000||-49000000||49000000|0|2000000||30000000|398000000|144000000|49000000|306000000|260000000|445000000|477000000|254000000|WBD
2011-03-31|USD|629000000|902000000|273000000|273000000|508000000|269000000||366000000||-49000000||49000000|129000000|-7000000||30000000|451000000|146000000|49000000|343000000|322000000|508000000|530000000|305000000|WBD
2010-12-31|USD|724000000|1015000000|291000000|291000000|394000000|280000000||7000000||-48000000||48000000|0|-29000000||30000000|313000000|122000000|48000000|205000000|-291000000|394000000|391000000|191000000|WBD
2010-09-30|USD|619000000|880000000|261000000|261000000|312000000|306000000||461000000||-49000000||49000000|-4000000|-16000000||32000000|269000000|83000000|49000000|161000000|396000000|312000000|350000000|186000000|WBD
2010-06-30|USD|866000000|1120000000|254000000|254000000|372000000|304000000||236000000||48000000||-48000000|103000000|-37000000||33000000|148000000|41000000|-184000000|284000000|213000000|372000000|133000000|107000000|WBD
2010-03-31|USD|552000000|821000000|267000000|269000000|282000000|284000000||385000000||-58000000||58000000||-4000000||33000000|216000000|47000000|58000000|231000000|323000000|282000000|307000000|169000000|WBD
2009-12-31|USD|659000000|952000000|293000000|298000000|305000000|303000000||12000000||-67000000||67000000||3000000||37000000|233000000|82000000|67000000|147000000|151000000|305000000|337000000|151000000|WBD
2009-09-30|USD|531000000|788000000|251000000|257000000|221000000|324000000||448000000||-66000000||66000000||-1000000||39000000|152000000|52000000|66000000|99000000|192000000|221000000|257000000|100000000|WBD
2009-06-30|USD|564000000|821000000|251000000|257000000|497000000|295000000||450000000||-60000000||60000000||8000000||39000000|443000000|264000000|60000000|491000000|424000000|497000000|542000000|179000000|WBD
2009-03-31|USD|564000000|817000000|249000000|253000000|251000000|274000000||319000000||||57000000||2000000||38000000|189000000|70000000||||251000000|289000000|119000000|WBD
2008-12-31|USD|638000000|904000000|244000000|266000000|291000000|230000000||340000000||||||-47000000||34000000|174000000|68000000||||291000000|325000000|106000000|WBD
2008-09-30|USD|583000000|845000000|262000000|262000000|296000000|224000000||274000000||||61000000||-8000000||50000000|227000000|93000000||94000000||296000000|346000000|134000000|WBD
2008-06-30|USD|56565000|194477000|254000000|137912000|208000000|370000000||55836000||||||22000000||49000000|125000000|82000000||||208000000|257000000|43000000|WBD
