fiscalDateEnding|reportedCurrency|grossProfit|totalRevenue|costOfRevenue|costofGoodsAndServicesSold|operatingIncome|sellingGeneralAndAdministrative|researchAndDevelopment|operatingExpenses|investmentIncomeNet|netInterestIncome|interestIncome|interestExpense|nonInterestIncome|otherNonOperatingIncome|depreciation|depreciationAndAmortization|incomeBeforeTax|incomeTaxExpense|interestAndDebtExpense|netIncomeFromContinuingOperations|comprehensiveIncomeNetOfTax|ebit|ebitda|netIncome|ticker
2024-11-30|USD|5389000000|12354000000|10970000000|6965000000|1384000000|4005000000||4005000000|97000000|24000000||67000000|12354000000|8000000|190000000|184000000|1416000000|253000000||1163000000|1392000000|1384000000|1165000000|1163000000|NKE
2024-08-31|USD|5257000000|11596000000|10380000000|6332000000|1209000000|4048000000||4048000000|120000000|43000000||43000000|11596000000|55000000|188000000|184000000|1307000000|256000000||1051000000|971000000|1209000000|1393000000|1051000000|NKE
2024-05-31|USD|5634000000|12663000000|11503000000|6972000000|1103000000|4088000000||4531000000|126000000|53000000|||12663000000|127000000|207000000|204000000|1726000000|226000000||1500000000|1428000000|1103000000|1750000000|1500000000|NKE
2024-02-29|USD|5562000000|12429000000|11496000000|6867000000|933000000|4226000000||4629000000|113000000|52000000||52000000|12429000000|16000000|207000000|270000000|1404000000|232000000||1172000000|1176000000|933000000|1606000000|1172000000|NKE
2023-11-30|USD|5971000000|13388000000|11563000000|7417000000|1825000000|4146000000||4146000000|92000000|22000000||22000000|13388000000|75000000|191000000|184000000|1922000000|344000000||1578000000|1563000000|1825000000|2009000000|1578000000|NKE
2023-08-31|USD|5720000000|12946000000|11335000000|7219000000|1604000000|4116000000||4116000000|99000000|34000000|34000000|34000000|12946000000|10000000|191000000|191000000|1648000000|198000000||1450000000|1355000000|1604000000|1790000000|1450000000|NKE
2023-05-31|USD|5595000000|12841000000|11604000000|7230000000|1221000000|4374000000||4374000000|101000000|28000000|28000000|25000000|12841000000|-3000000|187000000|236000000|1246000000|215000000||1031000000|960000000|1221000000|1221000000|1031000000|NKE
2023-02-28|USD|5371000000|12390000000|10978000000|7019000000|1412000000|3959000000||3959000000|83000000|7000000|7000000|65000000|12390000000|58000000|174000000|144000000|1477000000|237000000||1240000000|983000000|1412000000|1412000000|1240000000|NKE
2022-11-30|USD|5711000000|13315000000|11728000000|7604000000|1587000000|4124000000||4124000000|49000000|-16000000|16000000|16000000|13315000000|79000000|173000000|319000000|1650000000|319000000||1331000000|1254000000|1587000000|1587000000|1331000000|NKE
2022-08-31|USD|5615000000|12671000000|10992000000|7072000000|1695000000|3920000000||3920000000|65000000|-13000000|13000000|13000000|12671000000|146000000|169000000|160000000|1828000000|360000000||1468000000|1786000000|1695000000|1695000000|1468000000|NKE
2022-05-31|USD|5503000000|12263000000|10766000000|6731000000|1468000000|4035000000||4035000000||-40000000|40000000|40000000|12263000000|-54000000|179000000|296000000|1374000000|-65000000||-96000000|1658000000|1468000000|1468000000|1439000000|NKE
2022-02-28|USD|5067000000|10871000000|9242000000|5804000000|1629000000|3438000000||3438000000|22000000|-53000000|53000000|53000000|10871000000|94000000|180000000|183000000|1670000000|274000000||1396000000|1350000000|1629000000|1629000000|1396000000|NKE
2021-11-30|USD|5213000000|11357000000|9903000000|6144000000|1454000000|3759000000||3759000000|18000000|-55000000|55000000|55000000|11357000000|102000000|181000000|193000000|1501000000|164000000||1337000000|1549000000|1454000000|1454000000|1337000000|NKE
2021-08-31|USD|5696000000|12205000000|10124000000|6552000000|2124000000|3572000000||3572000000|17000000|-57000000|57000000|57000000|12205000000|39000000|177000000|168000000|2106000000|232000000||1874000000|2187000000|2124000000|2124000000|1874000000|NKE
2021-05-31|USD|5655000000|12352000000|10431000000|6689000000|1913000000|3742000000||3742000000||-63000000|63000000|63000000|12352000000|4000000|201000000|221000000|1854000000|345000000||1509000000|1575000000|1913000000|1913000000|1509000000|NKE
2021-02-28|USD|4719000000|10357000000|8679000000|5638000000|1678000000|3041000000||3041000000||-64000000|64000000|64000000|10357000000|22000000|182000000|112000000|1636000000|187000000||1449000000|1432000000|1678000000|1678000000|1449000000|NKE
2020-11-30|USD|4847000000|11243000000|9663000000|6396000000|1580000000|3267000000||3267000000||-70000000|70000000|70000000|11243000000|-54000000|185000000|247000000|1456000000|205000000||1251000000|1223000000|1580000000|1580000000|1251000000|NKE
2020-08-31|USD|4741000000|10639000000|8828000000|5853000000|1766000000|2975000000||2975000000||-65000000|65000000|65000000|10639000000|14000000|176000000|217000000|1715000000|197000000||1518000000|1173000000|1766000000|1766000000|1518000000|NKE
2020-05-31|USD|2353000000|6241000000|7151000000|3960000000|-838000000|3191000000||3191000000||-50000000|41000000|50000000|6241000000|84000000|208000000|223000000|-804000000|-14000000||-790000000|-789000000|-838000000|-838000000|-790000000|NKE
2020-02-29|USD|4473000000|10104000000|8914000000|5631000000|1190000000|3283000000||3283000000||-12000000|2000000|12000000|10104000000|-297000000|170000000|534000000|881000000|34000000||847000000|738000000|1190000000|1190000000|847000000|NKE
2019-11-30|USD|4544000000|10326000000|9106000000|5782000000|1220000000|3324000000||3324000000||-12000000|37000000|12000000|10326000000|41000000|174000000|187000000|1249000000|134000000||1115000000|987000000|1220000000|1220000000|1115000000|NKE
2019-08-31|USD|4871000000|10611000000|9117000000|5789000000|1543000000|3328000000||3328000000||-15000000|16000000|15000000|10611000000|33000000|169000000|175000000|1561000000|194000000||1367000000|1316000000|1543000000|1543000000|1367000000|NKE
2019-05-31|USD|4633000000|10169000000|8957000000|5551000000|1227000000|3406000000||3406000000||-12000000|30000000|12000000|10169000000|28000000|178000000|184000000|1243000000|254000000||989000000|1023000000|1227000000|1227000000|989000000|NKE
2019-02-28|USD|4339000000|9611000000|8363000000|5272000000|1248000000|3091000000||3091000000|20000000|-12000000||12000000|9611000000|55000000|178000000|177000000|1291000000|190000000||1101000000|1089000000|1248000000|1248000000|1101000000|NKE
2018-11-30|USD|4105000000|18748000000|8411000000|5269000000|963000000|3142000000||3142000000|20000000|||14000000|9374000000|48000000|171000000|178000000|997000000|150000000||847000000|1086000000|963000000|963000000|847000000|NKE
2018-08-31|USD|4397000000|19730000000|8614000000|5551000000|1334000000|3063000000||3063000000|20000000|||11000000|9782000000|-53000000|178000000|181000000|1270000000|178000000||1092000000|1154000000|1334000000|1334000000|1092000000|NKE
2018-05-31|USD|4378000000|9758000000|8531000000|5411000000|1258000000|3120000000||3120000000||||12000000|-31000000|-31000000|196000000|200000000|1215000000|78000000||1137000000|1669000000|1258000000|1258000000|1137000000|NKE
2018-02-28|USD|3938000000|8984000000|7813000000|5046000000|1171000000|2767000000||2767000000|12000000|||13000000|8984000000|1000000|185000000|198000000|1159000000|2080000000||-921000000|-975000000|1171000000|1171000000|-921000000|NKE
2017-11-30|USD|3678000000|8554000000|7644000000|4876000000|910000000|2768000000||2768000000|13000000|||13000000|48000000|-18000000|187000000|191000000|879000000|112000000||767000000|766000000|910000000|910000000|767000000|NKE
2017-08-31|USD|3962000000|9089000000|7964000000|5108000000|1106000000|2856000000||2856000000|11000000|||16000000|19000000|-18000000|179000000|185000000|1072000000|122000000||950000000|577000000|1106000000|1106000000|950000000|NKE
2017-05-31|USD|3823000000|8704000000|7519000000|4854000000|1158000000|2665000000||2665000000||||18000000|27000000|28000000|185000000|188000000|1168000000|160000000||1008000000|566000000|1158000000|1158000000|1008000000|NKE
2017-02-28|USD|3750000000|8432000000|7178000000|4682000000|1254000000|2496000000||2496000000|8000000|||19000000|56000000|88000000|175000000|170000000|1323000000|182000000||1141000000|971000000|1254000000|1254000000|1141000000|NKE
2016-11-30|USD|3616000000|8180000000|7069000000|4564000000|1111000000|2505000000||2505000000|5000000|||15000000|-27000000|18000000|173000000|178000000|1114000000|272000000||842000000|1156000000|1111000000|1111000000|842000000|NKE
2016-08-31|USD|4123000000|9122000000|7835000000|4938000000|1226000000|2897000000||2897000000|4000000|||7000000|61000000|62000000|173000000|180000000|1281000000|32000000||1249000000|1016000000|1226000000|1226000000|1249000000|NKE
2016-05-31|USD|3786000000|8338000000|7224000000|4458000000|1020000000|2766000000||2766000000||||5000000|94000000|58000000|168000000|163000000|1073000000|227000000||846000000|519000000|1020000000|1020000000|846000000|NKE
2016-02-29|USD|3689000000|8032000000|6909000000|4343000000|1123000000|2566000000||2566000000|4000000|||5000000|-118000000|17000000|167000000|177000000|1135000000|185000000||950000000|488000000|1123000000|1123000000|950000000|NKE
2015-11-30|USD|3501000000|7686000000|6745000000|4185000000|941000000|2560000000||2560000000|2000000|||5000000|-42000000|34000000|160000000|157000000|970000000|185000000||785000000|1059000000|941000000|941000000|785000000|NKE
2015-08-31|USD|3995000000|8382000000|6996000000|4419000000|1418000000|2577000000||2577000000|2000000|||4000000|-32000000|31000000|154000000|165000000|1445000000|266000000||1179000000|766000000|1418000000|1418000000|1179000000|NKE
2015-05-31|USD|3593000000|7766000000|6781000000|4186000000|5901000000|2595000000||-2308000000||||4000000|-13000000|58000000|153000000|168000000|1052000000|187000000||865000000|1000000000|5901000000|998000000|865000000|NKE
2015-02-28|USD|3426000000|7460000000|6413000000|4034000000|-601000000|2379000000||4027000000|1000000|||6000000|-168000000|5000000|152000000|234000000|1046000000|255000000||791000000|1377000000|-601000000|1047000000|791000000|NKE
2014-11-30|USD|3327000000|7380000000|6491000000|4053000000|-783000000|2438000000||4110000000|2000000|||9000000|-190000000|-2000000|154000000|134000000|878000000|223000000||655000000|956000000|-783000000|889000000|655000000|NKE
2014-08-31|USD|3721000000|7982000000|6741000000|4261000000|-342000000|2480000000||4063000000|1000000|||9000000|-53000000|-3000000|147000000|113000000|1229000000|267000000||962000000|1101000000|-342000000|1241000000|962000000|NKE
2014-05-31|USD|3385000000|7425000000|6485000000|4040000000|-640000000|2448000000||4025000000|-4000000|||8000000|3000000|-17000000|140000000|152000000|912000000|214000000||691000000|750000000|-640000000|937000000|698000000|NKE
2014-02-28|USD|3103000000|6972000000|6038000000|3869000000|-499000000|2169000000||3602000000|3000000|||9000000||-45000000|132000000|3000000|880000000|198000000||685000000|625000000|-499000000|-496000000|682000000|NKE
2013-11-30|USD|2826000000|6431000000|5697000000|3605000000|-663000000|2091000000||3489000000|4000000|||8000000||-13000000|124000000|4000000|714000000|180000000||537000000|447000000|-663000000|-659000000|534000000|NKE
2013-08-31|USD|3132000000|6971000000|5899000000|3839000000|-253000000|2058000000||3385000000|3000000|||8000000||-28000000|122000000|4000000|1038000000|259000000||780000000|682000000|-253000000|-249000000|779000000|NKE
2013-05-31|USD|2940000000|6697000000|5783000000|3757000000|-466000000|2038000000||3406000000|6000000|||3000000||-13000000|116000000|4000000|858000000|203000000||683000000|698000000|-466000000|-462000000|655000000|NKE
2013-02-28|USD|2736000000|6187000000|5317000000|3451000000|-374000000|1863000000||3110000000|6000000|||2000000||-17000000|111000000|3000000|1062000000|196000000||662000000|959000000|-374000000|-371000000|866000000|NKE
2012-11-30|USD|2530000000|5955000000|5264000000|3425000000|-532000000|1836000000||3062000000|6000000|||1000000||17000000|107000000|3000000|575000000|191000000||521000000|411000000|-532000000|-529000000|384000000|NKE
2012-08-31|USD|2828000000|6669000000|5924000000|3766000000|-517000000|2059000000||3420000000|8000000|||3000000||28000000|104000000|5000000|782000000|215000000||585000000|529000000|-517000000|-512000000|567000000|NKE
2012-05-31|USD|2669000000|6470000000|5689000000|3703000000|-445000000|1910000000||3212000000|8000000|||6000000||-37000000|101000000|3000000|711000000|174000000||547000000|443000000|-445000000|-442000000|537000000|NKE
2012-02-29|USD|2485000000|5846000000|5087000000|3285000000|-428000000|1708000000||2989000000|7000000|||7000000||10000000|94000000|4000000|778000000|218000000||569000000|588000000|-428000000|-424000000|560000000|NKE
2011-11-30|USD|2376000000|5731000000|5101000000|3281000000|-546000000|1731000000||2996000000|7000000|||3000000||-10000000|92000000|4000000|621000000|152000000||480000000|579000000|-546000000|-542000000|469000000|NKE
2011-08-31|USD|2693000000|6081000000|5211000000|3388000000|-261000000|1823000000||2954000000|8000000|||8000000||-18000000|86000000|5000000|852000000|207000000||661000000|655000000|-261000000|-256000000|645000000|NKE
2011-05-31|USD|2248000000|5460000000|3212000000|3212000000|-373000000|1440000000||2927000000|7000000|||4000000||-13000000|86000000|98000000|752000000|158000000||633000000|583000000|-373000000|951000000|594000000|NKE
2011-02-28|USD|2327000000|5079000000|2752000000|2752000000|-369000000|1637000000||2696000000|8000000|||7000000||17000000|88000000|85000000|707000000|184000000||523000000|478000000|-369000000|775000000|523000000|NKE
2010-11-30|USD|2193000000|4842000000|2649000000|2649000000|-455000000|1611000000||2648000000|8000000|||1000000||28000000|83000000|113000000|609000000|152000000||457000000|470000000|-455000000|582000000|457000000|NKE
2010-08-31|USD|2434000000|5175000000|2741000000|2741000000|-233000000|1673000000||2667000000|8000000|||1000000||-7000000|78000000|62000000|755000000|196000000||559000000|482000000|-233000000|830000000|559000000|NKE
2010-05-31|USD|2406000000|5077000000|2671000000|2670700000|668300000|1738000000||1737900000||||8300000|||84000000|133200000|683000000|161000000||521900000|502000000|668300000|784500000|522000000|NKE
2010-02-28|USD|2218000000|4733000000|2515000000|2515000000|654200000|1563000000||1563800000||||900000|||81000000|87400000|662000000|165000000||496400000|575000000|654200000|733000000|497000000|NKE
2009-11-30|USD|1960000000|4405000000|2445000000|2444900000|482100000|1479000000||1478600000||||1600000|||80000000|94000000|491000000|116000000||375400000|287000000|482100000|565600000|375000000|NKE
2009-08-31|USD|2216000000|4799000000|2583000000|2583000000|669400000|1546000000||1546100000||||1300000|||79000000|80900000|681000000|168000000||513000000|390000000|669400000|737200000|513000000|NKE
2009-05-31|USD|2043400000|4712900000|2669500000|2669200000|649500000|1394700000||1394300000||||3000000|||88400000|128500000|486800000|145100000||||810100000|938600000|341700000|NKE
2009-02-28|USD|1948500000|4440800000|2492300000|2492300000|235400000|1352100000||1352100000||||3000000|||87400000|79900000|235400000|-8400000||||954400000|1034300000|243800000|NKE
2008-11-30|USD|2050000000|4590100000|2540100000|2540100000|520600000|1546800000||1546800000|||||||80700000|89600000|520600000|129600000||||490800000|580400000|391000000|NKE
2008-08-31|USD|2562100000|5432200000|2870100000|2870100000|714200000|1856400000||1856400000|||||||78500000|85300000|714200000|203700000||||707300000|792600000|510500000|NKE
