fiscalDateEnding|reportedCurrency|grossProfit|totalRevenue|costOfRevenue|costofGoodsAndServicesSold|operatingIncome|sellingGeneralAndAdministrative|researchAndDevelopment|operatingExpenses|investmentIncomeNet|netInterestIncome|interestIncome|interestExpense|nonInterestIncome|otherNonOperatingIncome|depreciation|depreciationAndAmortization|incomeBeforeTax|incomeTaxExpense|interestAndDebtExpense|netIncomeFromContinuingOperations|comprehensiveIncomeNetOfTax|ebit|ebitda|netIncome|ticker
2024-12-31|USD|3711000000|9604000000|5893000000|5893000000|1611000000|1980000000||2797000000||||127000000|-53000000|-34000000||331000000|1961000000|216000000|145000000|1416000000|853000000|1611000000|2419000000|1745000000|MDLZ
2024-09-30|USD|2999000000|9204000000|6205000000|6205000000|1153000000|1630000000||1846000000||||129000000|0|-46000000||40000000|1179000000|326000000|129000000|860000000|789000000|1153000000|1348000000|853000000|MDLZ
2024-03-31|USD|4750000000|9290000000|4540000000|4540000000|2727000000|1938000000||2304000000||-122000000||122000000|-665000000|-68000000||319000000|2044000000|632000000|122000000|2081000000|1226000000|2727000000|2485000000|1412000000|MDLZ
2023-12-31|USD|3470000000|9314000000|5844000000|5844000000|1193000000|2259000000||3041000000||-133000000||133000000|593000000|-52000000||313000000|1207000000|257000000|133000000|950000000|1236000000|1193000000|1653000000|950000000|MDLZ
2023-09-30|USD|3494000000|9029000000|5535000000|5535000000|1379000000|2019000000||2115000000||-134000000||134000000|0|-66000000||309000000|1338000000|354000000|134000000|987000000|462000000|1379000000|1781000000|984000000|MDLZ
2023-06-30|USD|3354000000|8507000000|5153000000|5153000000|1425000000|1869000000||1929000000||-145000000||145000000|-1000000|-97000000||290000000|1212000000|268000000|145000000|964000000|1048000000|1425000000|1647000000|944000000|MDLZ
2023-03-31|USD|3446000000|9166000000|5720000000|5720000000|1505000000|1855000000||2205000000||-153000000||153000000|0|-95000000||303000000|2739000000|658000000|153000000|1602000000|2214000000|1505000000|3195000000|2081000000|MDLZ
2022-12-31|USD|3075000000|8695000000|5620000000|5620000000|834000000|2131000000||2839000000||-142000000||142000000|0|-86000000||288000000|853000000|270000000|142000000|587000000|867000000|834000000|1283000000|583000000|MDLZ
2022-09-30|USD|2613000000|7763000000|5150000000|5150000000|679000000|1884000000||1934000000||-114000000||114000000|0|-71000000||271000000|716000000|184000000|114000000|539000000|-61000000|679000000|1101000000|532000000|MDLZ
2022-06-30|USD|2641000000|7274000000|4633000000|4633000000|927000000|1676000000||1714000000||-89000000||89000000|0|-98000000||273000000|948000000|201000000|89000000|756000000|534000000|927000000|1310000000|747000000|MDLZ
2022-03-31|USD|2983000000|7764000000|4781000000|4781000000|1094000000|1693000000||2132000000||-91000000||91000000|-38000000|-168000000||275000000|1065000000|210000000|129000000|866000000|1054000000|1094000000|1431000000|855000000|MDLZ
2021-12-31|USD|2833000000|7658000000|4825000000|4825000000|1204000000|1670000000||2219000000||-97000000||97000000|0|-89000000||276000000|1241000000|238000000|97000000|1008000000|1283000000|1204000000|1614000000|1003000000|MDLZ
2021-09-30|USD|2824000000|7182000000|4358000000|4358000000|1294000000|1436000000||1530000000||-87000000||87000000|0|-82000000||273000000|1600000000|342000000|87000000|1012000000|926000000|1294000000|1960000000|1258000000|MDLZ
2021-06-30|USD|2631000000|6642000000|4011000000|4011000000|872000000|1593000000||1759000000||-90000000||90000000|0|-58000000||280000000|1476000000|398000000|90000000|577000000|1252000000|872000000|1846000000|1078000000|MDLZ
2021-03-31|USD|2966000000|7238000000|4272000000|4272000000|1283000000|1564000000||1938000000||-98000000||98000000|-110000000|-218000000||284000000|1173000000|212000000|208000000|975000000|905000000|1283000000|1555000000|961000000|MDLZ
2020-12-31|USD|2872000000|7298000000|4426000000|4426000000|1149000000|1624000000||48000000||-108000000||108000000|-185000000|-244000000||303000000|1500000000|344000000|293000000|2590000000|1721000000|1149000000|1911000000|1156000000|MDLZ
2020-09-30|USD|2792000000|6665000000|3873000000|3873000000|1135000000|1484000000||1657000000||-104000000||104000000|0|-89000000||285000000|1510000000|391000000|104000000|777000000|1283000000|1135000000|1899000000|1119000000|MDLZ
2020-06-30|USD|2331000000|5911000000|3580000000|3580000000|713000000|1453000000||1618000000||-108000000||108000000|0|-85000000||272000000|885000000|341000000|108000000|424000000|627000000|713000000|1265000000|544000000|MDLZ
2020-03-31|USD|2451000000|6707000000|4256000000|4256000000|856000000|1537000000||1808000000||-110000000||110000000|0|-190000000||256000000|884000000|148000000|110000000|689000000|-512000000|856000000|1250000000|736000000|MDLZ
2019-12-31|USD|2759000000|6913000000|4154000000|4154000000|906000000|1750000000||59000000||-115000000||115000000|0|-70000000||270000000|963000000|230000000|115000000|2575000000|1216000000|906000000|1348000000|733000000|MDLZ
2019-09-30|USD|2516000000|6355000000|3839000000|3839000000|876000000|1466000000||1648000000||-122000000||122000000|3000000|-205000000||260000000|793000000|-633000000|122000000|1428000000|1213000000|876000000|1175000000|1426000000|MDLZ
2019-06-30|USD|2469000000|6062000000|3593000000|3593000000|1025000000|1427000000||1450000000||-127000000||127000000|41000000|-101000000||259000000|1019000000|216000000|127000000|833000000|807000000|1025000000|1405000000|803000000|MDLZ
2019-03-31|USD|2593000000|6538000000|3945000000|3945000000|1036000000|1493000000||1771000000||-123000000||123000000|0|-80000000||258000000|1156000000|189000000|123000000|897000000|1046000000|1036000000|1537000000|967000000|MDLZ
2018-12-31|USD|2549000000|6773000000|4224000000|4224000000|870000000|1536000000||99000000||-128000000||128000000|0|-570000000||198000000|934000000|111000000|128000000|2488000000|773000000|870000000|1260000000|823000000|MDLZ
2018-09-30|USD|2414000000|6288000000|3874000000|3874000000|737000000|1508000000||1677000000||-117000000||117000000|0|30000000||206000000|1504000000|310000000|117000000|440000000|1075000000|737000000|1827000000|1194000000|MDLZ
2018-06-30|USD|2540000000|6112000000|3572000000|3572000000|481000000|1904000000||2059000000||-115000000||115000000|-140000000|12000000||200000000|333000000|15000000|255000000|325000000|-351000000|481000000|648000000|318000000|MDLZ
2018-03-31|USD|2849000000|6765000000|3916000000|3916000000|1224000000|1527000000||1788000000||-102000000||102000000|0|8000000||207000000|1383000000|337000000|102000000|944000000|1189000000|1224000000|1692000000|1046000000|MDLZ
2017-12-31|USD|2653000000|6966000000|4313000000|4313000000|830000000|1662000000||-118000000||-101000000||101000000|38000000|-19000000||212000000|851000000|156000000|101000000|3186000000|629000000|830000000|1164000000|695000000|MDLZ
2017-09-30|USD|2549000000|6530000000|3981000000|3981000000|1171000000|1338000000||1371000000||-89000000||89000000|187000000|70000000||209000000|1253000000|272000000|89000000|993000000|1269000000|1171000000|1551000000|981000000|MDLZ
2017-06-30|USD|2314000000|5986000000|3672000000|3662000000|636000000|1455000000||1683000000||-103000000||103000000|-14000000|-10000000||195000000|582000000|84000000|114000000|500000000|845000000|636000000|880000000|498000000|MDLZ
2017-03-31|USD|2518000000|6414000000|3896000000|3889000000|825000000|1483000000||1841000000||-103000000||103000000|0|-16000000||200000000|808000000|154000000|103000000|633000000|1188000000|825000000|1111000000|654000000|MDLZ
2016-12-31|USD|2589000000|6770000000|4181000000|4205000000|492000000|1711000000||-342000000||-115000000||115000000|-419000000|-33000000||208000000|171000000|78000000|543000000|2936000000|-1350000000|492000000|494000000|93000000|MDLZ
2016-09-30|USD|2488000000|6396000000|3908000000|3908000000|702000000|1552000000||1786000000||-129000000||129000000|0|-16000000||207000000|508000000|-40000000|129000000|548000000|617000000|702000000|844000000|548000000|MDLZ
2016-06-30|USD|2516000000|6302000000|3786000000|3786000000|638000000|1668000000||1878000000||-135000000||135000000|0|-16000000||201000000|346000000|-118000000|135000000|471000000|77000000|638000000|682000000|464000000|MDLZ
2016-03-31|USD|2535000000|6455000000|3920000000|3920000000|722000000|1615000000||1976000000||-136000000||136000000|43000000|-11000000||207000000|505000000|-49000000|136000000|514000000|1159000000|722000000|848000000|554000000|MDLZ
2015-12-31|USD|2835000000|7364000000|4529000000|4529000000|-557000000|1902000000||-42000000||-148000000||148000000|-313000000|-11000000||231000000|-697000000|32000000|188000000|2308000000|-1106000000|-557000000|-318000000|-729000000|MDLZ
2015-09-30|USD|2670000000|6849000000|4179000000|4179000000|7802000000|1790000000||-5132000000||-139000000||139000000|7122000000|-4000000||206000000|7614000000|348000000|139000000|7268000000|6349000000|7802000000|7959000000|7266000000|MDLZ
2015-06-30|USD|3066000000|7661000000|4595000000|4595000000|841000000|1961000000||2225000000||-147000000||147000000|13000000|-23000000||225000000|506000000|100000000|147000000|427000000|922000000|841000000|878000000|406000000|MDLZ
2015-03-31|USD|2941000000|7762000000|4821000000|4821000000|811000000|1924000000||2316000000||-175000000||175000000|-708000000|-15000000||232000000|437000000|113000000|883000000|312000000|-1566000000|811000000|844000000|324000000|MDLZ
2014-12-31|USD|3146000000|8830000000|5684000000|5684000000|589000000|2101000000||407000000||-196000000||196000000|0|10000000||262000000|611000000|111000000|196000000|2843000000|-2234000000|589000000|1069000000|500000000|MDLZ
2014-09-30|USD|3142000000|8337000000|5195000000|5195000000|853000000|2053000000||2289000000||-188000000||188000000|0|-5000000||264000000|1077000000|178000000|188000000|902000000|-925000000|853000000|1529000000|899000000|MDLZ
2014-06-30|USD|3105000000|8436000000|5331000000|5331000000|957000000|2038000000||2148000000||-192000000||192000000|-1000000|-38000000||271000000|713000000|91000000|192000000|642000000|978000000|957000000|1176000000|622000000|MDLZ
2014-03-31|USD|3204000000|8641000000|5437000000|5437000000|843000000|2265000000||3061000000||-202000000||202000000|-492000000|-24000000||262000000|136000000|-27000000|492000000|150000000|-64000000|843000000|600000000|163000000|MDLZ
2013-12-31|USD|3493000000|9488000000|5995000000|5995000000|1010000000|2294000000||746000000||1800000000||-1800000000|-608000000|-1000000||269000000|1759000000|-7000000|608000000|170000000|2225000000|1010000000|228000000|1766000000|MDLZ
2013-09-30|USD|3144000000|8472000000|5328000000|5328000000|1262000000|1784000000||1882000000||-257000000||257000000||-10000000||276000000|1038000000|26000000|218000000|1030000000|1872000000|1262000000|1571000000|1012000000|MDLZ
2013-06-30|USD|3231000000|8595000000|5364000000|5364000000|865000000|2269000000||2372000000||||||||266000000|629000000|28000000|235000000|617000000|-222000000|865000000|1131000000|601000000|MDLZ
2013-03-31|USD|3242000000|8744000000|5502000000|5502000000|834000000|2332000000||2642000000||||||||266000000|549000000|13000000|279000000|574000000|-183000000|834000000|1100000000|536000000|MDLZ
2012-12-31|USD|3550000000|9495000000|5945000000|-3094000000|959000000|2575000000||69000000||||||||280000000|637000000|68000000|295000000|561000000|159000000|959000000|1239000000|569000000|MDLZ
2012-09-30|USD|3120000000|8326000000|5206000000|8191000000|838000000|2215000000||3066000000||||||||356000000|576000000|-81000000|737000000|659000000|777000000|838000000|1194000000|657000000|MDLZ
2012-06-30|USD|3211000000|8527000000|5316000000|8416000000|937000000|2194000000||2991000000||||||||352000000|1132000000|103000000|344000000|1034000000|-413000000|937000000|1289000000|1029000000|MDLZ
2012-03-31|USD|3195000000|8667000000|5472000000|8426000000|903000000|2192000000||3277000000||||||||357000000|890000000|78000000|487000000|819000000|2208000000|903000000|1260000000|812000000|MDLZ
2011-12-31|USD|3425000000|9679000000|6254000000|9795000000|-1652000000|575000000||6740000000||||||||368000000|-187000000|-1017000000|306000000|842000000|-916000000|-1652000000|-1284000000|830000000|MDLZ
2011-09-30|USD|3247000000|8778000000|5531000000|8611000000|1698000000|2866000000||2917000000||||||||375000000|1268000000|346000000|425000000|927000000|-1937000000|1698000000|2073000000|922000000|MDLZ
2011-06-30|USD|3313000000|9163000000|5850000000|9007000000|1806000000|3008000000||3065000000||||||||370000000|1365000000|389000000|441000000|976000000|1715000000|1806000000|2176000000|976000000|MDLZ
2011-03-31|USD|3115000000|8190000000|5075000000|7937000000|1646000000|2933000000||3305000000||||||||372000000|1197000000|398000000|446000000|802000000|1945000000|1646000000|2018000000|799000000|MDLZ
2010-12-31|USD|4798000000|13773000000|8975000000|8975000000|-1930000000|599000000||27000000||-535000000||535000000||||421000000|-388000000|-928000000|274000000|547000000|1370000000|-1930000000|568000000|540000000|MDLZ
2010-09-30|USD|4321000000|11863000000|7542000000|7542000000|1519000000|2758000000||3235000000||-433000000||433000000||||340000000|1080000000|326000000|433000000|760000000|1994000000|1519000000|1853000000|754000000|MDLZ
2010-06-30|USD|4694000000|12253000000|7559000000|7559000000|1701000000|2933000000||3437000000||-444000000||444000000||||366000000|1260000000|323000000|439000000|939000000|-601000000|1701000000|2070000000|937000000|MDLZ
2010-03-31|USD|4089000000|11318000000|7229000000|7229000000|1206000000|2850000000||3163000000||-378000000||378000000||||313000000|2216000000|333000000|624000000|249000000|1416000000|1206000000|2907000000|1883000000|MDLZ
2009-12-31|USD|3945000000|10597000000|6652000000|6896000000|1213000000|2770000000||3095000000||-324000000||324000000||||272000000|949000000|239000000|322000000|711000000|1110000000|1213000000|1545000000|710000000|MDLZ
2009-09-30|USD|3378000000|9397000000|6019000000|6262000000|1339000000|2033000000||2122000000||-322000000||322000000||||227000000|1066000000|242000000|323000000|826000000|1192000000|1339000000|1615000000|824000000|MDLZ
2009-06-30|USD|3512000000|9781000000|6269000000|6497000000|1456000000|2062000000||2117000000||-309000000||309000000||||217000000|1190000000|363000000|312000000|1656000000|2250000000|1456000000|1716000000|827000000|MDLZ
2009-03-31|USD|3100000000|8979000000|5879000000||1175000000|1919000000||||||||||215000000|952000000|292000000|280000000||508000000|1175000000|1390000000|660000000|MDLZ
2008-12-31|USD|2854000000|9241000000|6387000000||63000000|2069000000||||||||||234000000|2000000|-176000000|306000000|||63000000|297000000|178000000|MDLZ
2008-09-30|USD|3305000000|10401000000|7096000000||1023000000|2151000000||||||||||245000000|1567000000|205000000|298000000|||1023000000|1268000000|1362000000|MDLZ
2008-06-30|USD|3868000000|10804000000|6936000000||1423000000|2264000000|||||||||||1159000000|414000000|331000000|||1423000000||745000000|MDLZ
