fiscalDateEnding|reportedCurrency|grossProfit|totalRevenue|costOfRevenue|costofGoodsAndServicesSold|operatingIncome|sellingGeneralAndAdministrative|researchAndDevelopment|operatingExpenses|investmentIncomeNet|netInterestIncome|interestIncome|interestExpense|nonInterestIncome|otherNonOperatingIncome|depreciation|depreciationAndAmortization|incomeBeforeTax|incomeTaxExpense|interestAndDebtExpense|netIncomeFromContinuingOperations|comprehensiveIncomeNetOfTax|ebit|ebitda|netIncome|ticker
2024-12-31|USD|20286000000|24690000000|4404000000|15406000000|5060000000|3930000000||4930000000|54000000|-367000000|120000000|487000000||||397000000|3570000000|1016000000||2644000000|3565000000|4057000000|4454000000|2554000000|DIS
2024-09-30|USD|16509000000|22574000000|6065000000|14230000000|3655000000|4314000000||6575000000|69000000|-361000000|233000000|-3608000000||||310000000|844000000|384000000||-237000000|215000000|-2764000000|-2454000000|460000000|DIS
2024-06-30|USD|18985000000|23155000000|4170000000|14709000000|4225000000|3872000000||4597000000|68000000|-342000000|167000000|509000000||||397000000|2872000000|251000000||2842000000|2676000000|3381000000|3778000000|2621000000|DIS
2024-03-31|USD|15910000000|22083000000|6173000000|14172000000|3845000000|3790000000||6667000000|87000000|-311000000|190000000|501000000||0||434000000|421000000|441000000|501000000|216000000|-27000000|922000000|1356000000|-20000000|DIS
2023-12-31|USD|19415000000|23549000000|4134000000|15587000000|3876000000|3783000000||4542000000|182000000|-246000000|282000000|528000000||0||451000000|2631000000|720000000|528000000|2151000000|1701000000|3159000000|3610000000|1911000000|DIS
2023-09-30|USD|16069000000|21241000000|5172000000|13728000000|2976000000|4021000000||5548000000|136000000|2900000000|-545000000|-3445000000||0||213000000|577000000|313000000|-3445000000|264000000|1385000000|-2868000000|-2655000000|264000000|DIS
2023-06-30|USD|15461000000|22330000000|6869000000|14471000000|3559000000|3874000000||7251000000|111000000|-305000000|198000000|503000000||-101000000||432000000|-441000000|19000000|503000000|-460000000|-484000000|62000000|494000000|-460000000|DIS
2023-03-31|USD|17575000000|21815000000|4240000000|14616000000|3285000000|3614000000||4603000000|98000000|-322000000|182000000|504000000||0||558000000|1906000000|635000000|504000000|1488000000|1360000000|2410000000|2968000000|1271000000|DIS
2022-12-31|USD|19123000000|23512000000|4389000000|16386000000|3043000000|3827000000||4755000000|79000000|-300000000|165000000|465000000||28000000||579000000|1691000000|412000000|465000000|1279000000|920000000|2156000000|2735000000|1279000000|DIS
2022-09-30|USD|15189000000|20150000000|4961000000|19608000000|1597000000|4733000000||5312000000|46000000|2575000000|-89000000|-2664000000||0||245000000|284000000|122000000|-2664000000|162000000|2185000000|-2380000000|-2135000000|162000000|DIS
2022-06-30|USD|16790000000|21504000000|4714000000|13682000000|3567000000|4100000000||5052000000|7000000|-360000000|20000000|380000000||0||585000000|2026000000|617000000|380000000|1409000000|1579000000|2406000000|2991000000|1409000000|DIS
2022-03-31|USD|14708000000|19249000000|4541000000|12594000000|3699000000|3768000000||4829000000|3000000|-355000000|19000000|374000000||0||594000000|975000000|505000000|374000000|470000000|434000000|1349000000|1943000000|470000000|DIS
2021-12-31|USD|17453000000|21819000000|4366000000|14567000000|3258000000|3787000000||4610000000|34000000|-311000000|50000000|361000000||-4000000||595000000|1592000000|488000000|361000000|1152000000|1268000000|1953000000|2548000000|1104000000|DIS
2021-09-30|USD|13964000000|18534000000|4570000000|17935000000|1587000000|4319000000||4953000000|73000000|-457000000|-3226000000|-2769000000||0||259000000|193000000|34000000|323000000|160000000|1556000000|-2576000000|-2317000000|159000000|DIS
2021-06-30|USD|13183000000|17022000000|3839000000|11233000000|2382000000|3168000000||4019000000|-9000000|-445000000|-41000000|404000000||0||604000000|785000000|-133000000|404000000|923000000|999000000|1189000000|1793000000|918000000|DIS
2021-03-31|USD|11445000000|15613000000|4168000000|9782000000|2465000000|3113000000||4333000000|131000000|-320000000|95000000|415000000||0||605000000|1009000000|108000000|415000000|912000000|1124000000|1424000000|2029000000|901000000|DIS
2020-12-31|USD|12569000000|16249000000|3680000000|15990000000|1332000000|2917000000||3879000000|113000000|-324000000|80000000|404000000||0||617000000|33000000|16000000|404000000|29000000|198000000|437000000|1054000000|17000000|DIS
2020-09-30|USD|11387000000|14707000000|3320000000|15160000000|606000000|2812000000||3525000000||-652000000|-188000000|464000000||762000000||107000000|-661000000|49000000|464000000|-710000000|-2415000000|-197000000|-90000000|-710000000|DIS
2020-06-30|USD|3585000000|11779000000|8194000000|7896000000|1099000000|2455000000||8376000000|41000000|-412000000|44000000|456000000||568000000||695000000|-5052000000|-331000000|456000000|-4718000000|-4701000000|-4596000000|-3901000000|-4721000000|DIS
2020-03-31|USD|13740000000|18025000000|4269000000|11918000000|2407000000|3393000000||4459000000|63000000|-300000000|65000000|365000000||135000000||738000000|983000000|523000000|365000000|475000000|356000000|1348000000|2086000000|460000000|DIS
2019-12-31|USD|16306000000|20877000000|4552000000|18017000000|3996000000|3709000000||16956000000|76000000|-283000000|79000000|362000000||224000000||702000000|2565000000|458000000|362000000|2133000000|2191000000|2927000000|3629000000|2107000000|DIS
2019-09-30|USD|19100000000|19118000000|4527000000|16815000000|3425000000|3699000000||15828000000||-629000000|-216000000|413000000||||439000000|1395000000|341000000|924000000|914000000|-1842000000|1808000000|2247000000|1054000000|DIS
2019-06-30|USD|15924000000|20262000000|4321000000|12819000000|3952000000|3368000000||16419000000|34000000|-411000000|61000000|472000000||-1000000||779000000|2153000000|393000000|472000000|1437000000|1825000000|2625000000|3404000000|1760000000|DIS
2019-03-31|USD|6546000000|14924000000|8376000000|8376000000|3815000000|2330000000||3155000000|30000000|-143000000|55000000|198000000||-312000000||828000000|7099000000|1647000000||5590000000|5448000000|7297000000|3962000000|5452000000|DIS
2018-12-31|USD|6302000000|15303000000|9001000000|9001000000|3655000000|2152000000||2884000000|75000000|-63000000|100000000|163000000||||732000000|3433000000|645000000||2786000000|2809000000|3596000000|4326000000|2788000000|DIS
2018-09-30|USD|3083000000|14306000000|11224000000|11224000000|3277000000|2321000000||3116000000||||189000000||||794000000|3105000000|783000000||2419000000|2487000000|3294000000|3396000000|2322000000|DIS
2018-06-30|USD|6880000000|15229000000|8348000000|8348000000|4189000000|2213000000||2956000000||||175000000||||744000000|3711000000|795000000||3059000000|2999000000|3886000000|4773000000|2916000000|DIS
2018-03-31|USD|7015000000|14548000000|7533000000|7533000000|4237000000|2239000000||2978000000||-143000000||172000000||||731000000|3750000000|813000000||3115000000|2996000000|3922000000|4844000000|2937000000|DIS
2017-12-31|USD|6614000000|15351000000|8737000000|8737000000|3986000000|2079000000||2821000000||||146000000||||742000000|3745000000|-728000000||4473000000||3986000000|4648000000|4423000000|DIS
