fiscalDateEnding|reportedCurrency|grossProfit|totalRevenue|costOfRevenue|costofGoodsAndServicesSold|operatingIncome|sellingGeneralAndAdministrative|researchAndDevelopment|operatingExpenses|investmentIncomeNet|netInterestIncome|interestIncome|interestExpense|nonInterestIncome|otherNonOperatingIncome|depreciation|depreciationAndAmortization|incomeBeforeTax|incomeTaxExpense|interestAndDebtExpense|netIncomeFromContinuingOperations|comprehensiveIncomeNetOfTax|ebit|ebitda|netIncome|ticker
2024-12-31|USD|80069000000|83426000000|3357000000|63811000000|76793000000|2617000000||3276000000||-297000000||297000000||||6585000000|9468000000|1858000000||7955000000|4950000000|9765000000|16695000000|7610000000|XOM
2024-09-30|USD|87687000000|90016000000|2329000000|67400000000|85052000000|2296000000||2635000000||-207000000||207000000||||6258000000|12665000000|4055000000||8971000000|9838000000|12872000000|19491000000|8610000000|XOM
2024-06-30|USD|90458000000|93060000000|2602000000|69790000000|87737000000|2568000000||2721000000||-271000000||271000000||||5787000000|13334000000|4094000000||9571000000|9222000000|13605000000|19723000000|9240000000|XOM
2024-03-31|USD|80565000000|83083000000|2518000000|61504000000|77922000000|2495000000||2643000000||-221000000||221000000||||4812000000|12023000000|3803000000|221000000|8566000000|7040000000|12244000000|17402000000|8220000000|XOM
2023-12-31|USD|77502000000|84344000000|6842000000|64124000000|70372000000|2591000000|879000000|7130000000||-272000000||272000000||||7740000000|10243000000|2613000000|272000000|8012000000|8729000000|10515000000|18637000000|7630000000|XOM
2023-09-30|USD|88105000000|90760000000|2655000000|61772000000|85278000000|2489000000||2827000000||-169000000|1288000000|169000000||||4415000000|13423000000|4353000000|169000000|9346000000|8639000000|13592000000|18832000000|9070000000|XOM
2023-06-30|USD|80301000000|82914000000|2613000000|56458000000|77719000000|2449000000||2582000000||-249000000|1133000000|249000000|80795000000|||4242000000|11383000000|3503000000|249000000|8153000000|8318000000|11632000000|13928000000|7880000000|XOM
2023-03-31|USD|84007000000|86564000000|2557000000|55439000000|81476000000|2390000000||2531000000||-159000000|2222000000|159000000|83644000000|||4244000000|16390000000|4960000000|159000000|11843000000|11605000000|16549000000|23425000000|11430000000|XOM
2022-12-31|USD|91753000000|95429000000|3676000000|58060000000|88039000000|2832000000|824000000|3714000000||-207000000|398000000|207000000|-305729000000|||5064000000|18537000000|5787000000|207000000|13055000000|17283000000|18744000000|24394000000|12750000000|XOM
2022-09-30|USD|109592000000|112070000000|2478000000|71514000000|107050000000|2324000000||2542000000||-209000000|4423000000|209000000|106512000000|926000000||5642000000|24884000000|5224000000|209000000|20198000000|16874000000|25093000000|38617000000|19660000000|XOM
2022-06-30|USD|113031000000|115681000000|2650000000|76299000000|110215000000|2530000000||2816000000||-194000000|3494000000|194000000|111265000000|728000000||4451000000|24209000000|6359000000|194000000|18574000000|15747000000|24403000000|36716000000|17850000000|XOM
2022-03-31|USD|87983000000|90500000000|2517000000|62629000000|85401000000|2409000000||2582000000||-188000000|2350000000|188000000|87734000000|228000000||8883000000|8286000000|2806000000|188000000|5750000000|6330000000|8474000000|15089000000|5480000000|XOM
2021-12-31|USD|80860000000|84965000000|4105000000|54009000000|76695000000|2514000000|843000000|4165000000||-221000000|1857000000|221000000|81287000000|1582000000||5661000000|11520000000|2650000000|221000000|9079000000|11802000000|11741000000|15589000000|8870000000|XOM
2021-09-30|USD|71349000000|73786000000|2437000000|48464000000|68868000000|2287000000||2481000000||-214000000|1456000000|214000000|71892000000|224000000||4990000000|9414000000|2664000000|214000000|6942000000|5640000000|9628000000|13140000000|6750000000|XOM
2021-06-30|USD|65225000000|67742000000|2517000000|45800000000|62694000000|2345000000||2531000000||-254000000|1182000000|254000000|65943000000|363000000||4952000000|6216000000|1526000000|254000000|4781000000|5194000000|6470000000|10077000000|4690000000|XOM
2021-03-31|USD|56302000000|59147000000|2845000000|40663000000|53671000000|2428000000||2631000000||-258000000|1215000000|258000000|57552000000|122000000||5004000000|3526000000|796000000|258000000|2796000000|3345000000|3784000000|7381000000|2730000000|XOM
2020-12-31|USD|42650000000|46540000000|3890000000|30230000000|37543000000|2736000000|1016000000|5107000000||-313000000|24000000|313000000|45714000000|465000000||30291000000|-26080000000|-6010000000|313000000|-20603000000|-16586000000|-25767000000|4079000000|-20070000000|XOM
2020-09-30|USD|43636000000|46199000000|2563000000|-153000000|41004000000|2444000000||2632000000||-279000000|238000000|279000000|45425000000|257000000||4983000000|-343000000|337000000|279000000|-709000000|748000000|-64000000|3351000000|-680000000|XOM
2020-06-30|USD|32549000000|32605000000|56000000|-2624000000|29926000000|2409000000||2623000000||-317000000|214000000|317000000|32277000000|225000000||4916000000|-1551000000|-471000000|317000000|-1169000000|1642000000|-1234000000|4101000000|-1080000000|XOM
2020-03-31|USD|49746000000|56158000000|6412000000|2777000000|46088000000|2579000000||3658000000||-249000000|526000000|249000000|55134000000|249000000||5819000000|-98000000|512000000|249000000|-770000000|-5456000000|151000000|5035000000|-610000000|XOM
2019-12-31|USD|63169000000|67173000000|4004000000|42058000000|59511000000|3048000000|1214000000|3658000000||-201000000|976000000|201000000|62920000000|2972000000||4923000000|6374000000|684000000|201000000|5730000000|5474000000|6575000000|6661000000|5690000000|XOM
2019-09-30|USD|61939000000|65049000000|3110000000|44138000000|58887000000|2753000000||3052000000||-232000000|964000000|232000000|63422000000|431000000||4873000000|4644000000|1474000000|232000000|3247000000|2098000000|4876000000|8630000000|3170000000|XOM
2019-06-30|USD|64664000000|69091000000|2827000000|48464000000|61504000000|2827000000||3160000000||-216000000|1143000000|216000000|67491000000|241000000||4631000000|4371000000|1241000000|216000000|3391000000|3707000000|4587000000|8120000000|3130000000|XOM
2019-03-31|USD|58876000000|63625000000|2770000000|43771000000|55826000000|2770000000||3050000000||-181000000|1528000000|181000000|61646000000|270000000||4571000000|4233000000|1883000000|181000000|2406000000|3132000000|4414000000|7332000000|2350000000|XOM
2018-12-31|USD|64024000000|71895000000|4229000000|44855000000|60117000000|2848000000|1116000000|3907000000||-215000000||215000000|-211217000000|1886000000||4328000000|7915000000|1915000000|215000000|6206000000|4806000000|8130000000|9722000000|6000000000|XOM
2018-09-30|USD|71295000000|76605000000|2892000000|50873000000|68111000000|2892000000||3184000000||-200000000||200000000|74187000000|458000000||4658000000|8874000000|2634000000|200000000|6446000000|6479000000|9074000000|11520000000|6240000000|XOM
2018-06-30|USD|68463000000|71456000000|2993000000|50245000000|65138000000|2993000000||3325000000||-147000000||147000000||1729000000||4589000000|6476000000|2526000000|147000000|3986000000|2333000000|6623000000|9203000000|3950000000|XOM
2018-03-31|USD|62689000000|65436000000|2747000000|44779000000|59655000000|2747000000||3034000000||-204000000||204000000||1910000000||4470000000|7107000000|2457000000|204000000|4783000000|3959000000|7311000000|9139000000|4650000000|XOM
2017-12-31|USD|250588000000|72513000000|-13011000000|43490000000|244081000000|2956000000|1063000000|5216000000||-186000000||186000000||673000000||3842000000|2988000000|-5392000000|186000000|8409000000|8769000000|3174000000|7842000000|8380000000|XOM
2017-09-30|USD|-8700000000|59350000000|8589000000|5864000000|-11431000000|2632000000||3009000000||-111000000||111000000||1472000000||4880000000|5468000000|1498000000|111000000|4085000000|6221000000|5579000000|8824000000|3970000000|XOM
2017-06-30|USD|-8375000000|56026000000|8217000000|5589000000|-10991000000|2556000000||3142000000||-158000000||158000000||1525000000||4652000000|4242000000|892000000|158000000|3264000000|5127000000|4400000000|6915000000|3350000000|XOM
2017-03-31|USD|-8087000000|56474000000|7941000000|5342000000|-10488000000|2505000000||2888000000||-146000000||146000000||1710000000||4519000000|5838000000|1828000000|146000000|4090000000|5570000000|5984000000|8386000000|4010000000|XOM
2016-12-31|USD|206599000000|218866000000|12267000000|5403000000|198651000000|2468000000|1058000000|6580000000||-195000000||195000000||1328000000||8117000000|273000000|-1407000000|195000000|2024000000|-93000000|468000000|5919000000|1680000000|XOM
2016-09-30|USD|-8279000000|52137000000|8173000000|5437000000|-10535000000|2736000000||3063000000||-106000000||106000000||1103000000||4605000000|2987000000|337000000|106000000|2889000000|2928000000|3093000000|6834000000|2650000000|XOM
2016-06-30|USD|-8156000000|51486000000|8081000000|5435000000|-11037000000|2646000000||3091000000||-75000000||75000000||1124000000||4821000000|2415000000|715000000|75000000|1681000000|1340000000|2490000000|6519000000|1700000000|XOM
2016-03-31|USD|-7485000000|42290000000|7408000000|4815000000|-10082000000|2593000000||2948000000||-77000000||77000000||1251000000||4765000000|1759000000|-51000000|77000000|1781000000|4937000000|1836000000|4970000000|1810000000|XOM
2015-12-31|USD|250604000000|259739000000|9135000000|5370000000|244386000000|2990000000|1008000000|5065000000||-60000000||60000000||1519000000||4755000000|2578000000|-202000000|60000000|2830000000|3605000000|2638000000|5327000000|2780000000|XOM
2015-09-30|USD|-8858000000|59866000000|8780000000|5813000000|-12267000000|2967000000||3291000000||-78000000||78000000||1783000000||4542000000|5605000000|1365000000|78000000|4384000000|1397000000|5683000000|8704000000|4240000000|XOM
2015-06-30|USD|-8881000000|65395000000|8796000000|5965000000|-12082000000|2831000000||3201000000||-85000000||85000000||2081000000||4451000000|6882000000|2692000000|85000000|4262000000|5292000000|6967000000|8737000000|4190000000|XOM
2015-03-31|USD|-8331000000|59228000000|8243000000|5530000000|-11355000000|2713000000||3024000000||-88000000||88000000||2261000000||4300000000|6500000000|1560000000|88000000|5075000000|1302000000|6588000000|8163000000|4940000000|XOM
2014-12-31|USD|383788000000|394323000000|10535000000|6536000000|381432000000|3128000000|971000000|2356000000||-68000000||68000000||2692000000||4458000000|8630000000|2060000000|68000000|6782000000|-191000000|8698000000|9960000000|6570000000|XOM
2014-09-30|USD|-10776000000|95687000000|10688000000|7519000000|-14264000000|3169000000||3488000000||-88000000||88000000||3211000000||4362000000|13134000000|5064000000|88000000|8346000000|5185000000|13222000000|13936000000|8070000000|XOM
2014-06-30|USD|-8927000000|2177000000|11040000000|7871000000|-106423000000|3169000000||12213000000||-64000000||64000000||3312000000||4285000000|13814000000|5034000000|64000000|9117000000|10509000000|13878000000|13011000000|8780000000|XOM
2014-03-31|USD|-9709000000|905000000|10548000000|7416000000|-101255000000|3132000000||11536000000||-66000000||66000000||4108000000||4192000000|14957000000|5857000000|66000000|9370000000|8785000000|15023000000|14472000000|9100000000|XOM
2013-12-31|USD|407591000000|419228000000|11789000000|7663000000|311447000000|3341000000|1044000000|16213000000||152000000||-152000000||2967000000||4380000000|14423000000|6073000000|-152000000|8643000000|10676000000|14271000000|14102000000|8350000000|XOM
2013-09-30|USD|-10546000000|538000000|11032000000|7882000000|-108729000000|3150000000||12211000000||-52000000||52000000||3444000000||4287000000|13990000000|6120000000|52000000|8069000000|9200000000|14042000000|14546000000|7870000000|XOM
2013-06-30|USD|-10387000000|518000000|10820000000|7552000000|-104088000000|3268000000||11985000000||-85000000||85000000||3098000000||4405000000|12653000000|5793000000|85000000|6975000000|5246000000|12738000000|13642000000|6860000000|XOM
2013-03-31|USD|-10073000000|561000000|10610000000|7492000000|-102842000000|3118000000||11532000000||-24000000||24000000||4418000000||4110000000|15777000000|6277000000|24000000|9761000000|8917000000|15801000000|15193000000|9500000000|XOM
2012-12-31|USD|429169000000|441063000000|11783000000|7752000000|331696000000|3322000000|1042000000|17680000000||-111000000||111000000||3763000000||4110000000|17348000000|7398000000|111000000|10302000000|6879000000|17459000000|16383000000|9950000000|XOM
2012-09-30|USD|-10898000000|766000000|11605000000|8137000000|-109284000000|3468000000|894000000|11904000000||-59000000||59000000||3386000000||4037000000|16964000000|7394000000|59000000|9926000000|11116000000|17023000000|17971000000|9570000000|XOM
2012-06-30|USD|5904000000|17467000000|11513000000|8027000000|-95268000000|3486000000||6615000000||-50000000||50000000|6500000000|3651000000||3899000000|24447000000|8537000000|50000000|17654000000|13249000000|24497000000|26439000000|15910000000|XOM
2012-03-31|USD|-11547000000|654000000|12094000000|8493000000|-118085000000|3601000000||14528000000||-107000000||107000000|0|4210000000||3842000000|17166000000|7716000000|107000000|9799000000|10575000000|17273000000|17147000000|9450000000|XOM
2011-12-31|USD|451889000000|464946000000|12982000000|8490000000|347321000000|3911000000|1044000000|20122000000||-75000000||75000000|-71000000|3827000000||4075000000|16717000000|7317000000|75000000|9724000000|5605000000|16792000000|17289000000|9400000000|XOM
2011-09-30|USD|-11374000000|972000000|12248000000|8484000000|-118024000000|3764000000||14780000000||-98000000||98000000|32000000|3915000000||3866000000|18339000000|8009000000|98000000|10671000000|7801000000|18437000000|18631000000|10330000000|XOM
2011-06-30|USD|-11928000000|411000000|12294000000|8613000000|-118795000000|3681000000||14565000000||-45000000||45000000|39000000|3720000000||3881000000|18401000000|7721000000|45000000|10898000000|11537000000|18446000000|18780000000|10680000000|XOM
2011-03-31|USD|-10626000000|946000000|11543000000|7916000000|-105713000000|3627000000||13373000000||-29000000||29000000|20000000|3827000000||3761000000|18654000000|8004000000|29000000|-109890000000|11817000000|18683000000|18851000000|10650000000|XOM
2010-12-31|USD|17096000000|691000000|-16515000000|7614000000|-72763000000|3855000000|1012000000|19483000000||-110000000||110000000|-43000000|3453000000||4270000000|15061000000|5811000000|110000000|-52425000000|8766000000|15171000000|16144000000|9250000000|XOM
2010-09-30|USD|-10431000000|502000000|10879000000|7172000000|-92871000000|3707000000||13567000000||-54000000||54000000|70000000|2443000000||3844000000|12647000000|5297000000|54000000|-95725000000|9766000000|12701000000|14259000000|7350000000|XOM
2010-06-30|USD|-10020000000|573000000|10553000000|6946000000|-89800000000|3607000000||12599000000||-40000000||40000000|24000000|2244000000||3366000000|12520000000|4960000000|40000000|-92516000000|6342000000|12560000000|13828000000|7560000000|XOM
2010-03-31|USD|-9707000000|677000000|10329000000|6815000000|-87890000000|3514000000||12868000000||-55000000||55000000|2000000|2537000000||3280000000|11793000000|5493000000|55000000|-90846000000|6224000000|11848000000|15348000000|6300000000|XOM
2009-12-31|USD|-10615000000|311000000|10890000000|7009000000|-90250000000|3881000000|1050000000|14091000000||-36000000||36000000||||3193000000|10117000000|4067000000|36000000|-91902000000|6969000000|10153000000|10984000000|6050000000|XOM
2009-09-30|USD|-10259000000|495000000|10692000000|6805000000|-83315000000|3887000000||13538000000||-62000000||62000000||1675000000||2927000000|9063000000|4333000000|62000000|-85973000000|6599000000|9125000000|10456000000|4730000000|XOM
2009-06-30|USD|-9371000000|707000000|9735000000|6216000000|-76311000000|3519000000||12788000000||-343000000||343000000|-87000000|1583000000||3004000000|7521000000|3571000000|343000000|-74349000000|6601000000|7864000000|8938000000|3950000000|XOM
2009-03-31|USD|21998000000|64028000000|42030000000|42030000000|6380000000|3448000000||14041000000||||107000000||||2793000000|7698000000|3148000000||||7805000000|9173000000|4550000000|XOM
2008-12-31|USD|36770000000|84696000000|47926000000|47926000000|8994000000|3859000000|847000000|15642000000||||118000000||||3177000000|13195000000|5375000000||||13313000000|12171000000|7820000000|XOM
2008-09-30|USD|54158000000|137737000000|83579000000|83579000000|20505000000|3823000000||17820000000||||318000000||||3008000000|26157000000|11327000000||||26475000000|23513000000|14830000000|XOM
2008-06-30|USD|50973000000|138072000000|87099000000|87099000000|17910000000|4389000000||28435000000||||107000000||||3090000000|22206000000|10526000000||||22313000000|21000000000|11680000000|XOM
