fiscalDateEnding|reportedCurrency|grossProfit|totalRevenue|costOfRevenue|costofGoodsAndServicesSold|operatingIncome|sellingGeneralAndAdministrative|researchAndDevelopment|operatingExpenses|investmentIncomeNet|netInterestIncome|interestIncome|interestExpense|nonInterestIncome|otherNonOperatingIncome|depreciation|depreciationAndAmortization|incomeBeforeTax|incomeTaxExpense|interestAndDebtExpense|netIncomeFromContinuingOperations|comprehensiveIncomeNetOfTax|ebit|ebitda|netIncome|ticker
2024-09-30|USD|502100000|725500000|223400000|223400000|311500000|114000000||191700000||-900000|31200000|32100000|725300000|||58100000|285400000|65300000|32100000|220000000|267700000|317500000|375600000|220100000|VRSK
2024-06-30|USD|501200000|720600000|219400000|296600000|318700000|101500000||164200000||-900000|28200000|29100000|720400000|||59000000|393300000|85200000|25500000|307800000|307500000|422400000|481400000|308100000|VRSK
2024-03-31|USD|473500000|701300000|227800000|303700000|307400000|92900000||153800000||-400000|28500000|28900000|704000000|||57400000|275400000|55800000|500000|219400000|204800000|304300000|361700000|219600000|VRSK
2023-12-31|USD|434100000|660300000|226200000|226200000|250500000|114400000|207100000|218100000||-28600000|-500000|28100000|677200000|||67600000|234400000|60400000|28100000|182300000|216600000|262500000|330100000|174000000|VRSK
2023-09-30|USD|430900000|648100000|217200000|217200000|281100000|111600000||165600000||-29800000|-400000|29400000|677600000|||48100000|249700000|62300000|29400000|187400000|157400000|279100000|327200000|187400000|VRSK
2023-06-30|USD|426300000|643200000|216900000|216900000|306000000|86800000||137100000||-32100000|-500000|31600000|675000000|-6200000||46500000|260800000|63900000|31600000|204300000|213100000|292400000|338900000|196900000|VRSK
2023-03-31|USD|409300000|625500000|216200000|216200000|294100000|79000000||127100000||-26500000|-100000|26400000|651600000|-1100000||44600000|128500000|72200000|26400000|194400000|817000000|154900000|199500000|56300000|VRSK
2022-12-31|USD|137600000|188900000|205200000|205200000|282500000|80800000||355500000||-41400000|-200000|41200000|229900000|||43100000|84800000|23700000|41200000|215300000|246000000|126000000|169100000|61100000|VRSK
2022-09-30|USD|464400000|711100000|195200000|246700000|253600000|96500000||179300000||-34700000|-300000|34400000|745300000|3100000||41500000|242200000|52800000|34500000|165800000|-43200000|276600000|318100000|189400000|VRSK
2022-06-30|USD|468500000|714600000|195500000|246100000|247600000|96300000||177900000||-32200000|-300000|31900000|746300000|4700000||39500000|238900000|41200000|31800000|173600000|-20700000|270800000|310300000|197700000|VRSK
2022-03-31|USD|463900000|744400000|228700000|280500000|622800000|107900000||261700000||-31600000|-300000|31300000|775500000|-400000||40100000|608300000|102600000|31300000|486900000|435300000|639600000|679700000|505700000|VRSK
2021-12-31|USD|470800000|736000000|61100000|265200000|104700000|-33100000||316400000||-30500000|-300000|30200000|766000000|600000||16400000|134600000|-7300000|30200000|82500000|175300000|164800000|181200000|141900000|VRSK
2021-09-30|USD|463800000|729100000|265300000|265300000|288900000|115100000||171600000||-30300000|-400000|29900000|759000000|100000||52100000|255900000|54200000|29900000|204900000|122500000|285800000|337900000|201700000|VRSK
2021-06-30|USD|451200000|716100000|264900000|264900000|267400000|111400000||170500000||-31800000|-300000|31500000|747500000|-500000||53300000|237800000|83800000|31500000|151600000|171200000|269300000|322600000|154000000|VRSK
2021-03-31|USD|428700000|691100000|262400000|262400000|250400000|119800000||172000000||-35400000||35400000|726100000|1700000||48500000|217300000|48700000|35400000|168000000|178300000|252700000|301200000|168600000|VRSK
2020-12-31|USD|418600000|679100000|58300000|260500000|168800000|3400000||235200000||-34000000|1400000|35400000|712800000|-1600000||17900000|195800000|19600000|35300000|117300000|341400000|231200000|249100000|176200000|VRSK
2020-09-30|USD|426900000|666900000|240000000|240000000|275400000|96400000||147200000||-35800000|-500000|35300000|702700000|-100000||49400000|240000000|54200000|35300000|185800000|302100000|275300000|324700000|185800000|VRSK
2020-06-30|USD|408800000|644600000|235800000|235800000|259700000|96400000||146200000||-34700000|-500000|34200000|679300000|-700000||45900000|224800000|45800000|34200000|179000000|180500000|259000000|304900000|179000000|VRSK
2020-03-31|USD|417500000|675200000|257700000|257700000|252300000|112100000||136800000||-33500000|35600000|33500000|689300000|||46100000|216700000|45000000|33500000|171700000|-100000|250200000|296300000|171700000|VRSK
2019-12-31|USD|-15000000|639700000|259800000|259800000|206600000|124800000||13200000||-1800000|31300000|33100000|676700000|||47700000|172100000|39900000|1800000|-28200000|323700000|205200000|252900000|132200000|VRSK
2019-09-30|USD|378600000|621500000|242900000|242900000|69500000|255000000||308800000||-31300000|36800000|31300000|652800000|-5500000||45800000|38900000|6000000|31300000|32900000|-53300000|70200000|116000000|32900000|VRSK
2019-06-30|USD|379400000|622100000|242700000|242700000|218300000|112300000||160100000||-30500000|31000000|30500000|652600000|-500000||45700000|187300000|36900000|30500000|150400000|90500000|217800000|263500000|150400000|VRSK
2019-03-31|USD|361700000|593100000|231400000|231400000|202400000|111400000||159200000||-31900000|32300000|31900000|625000000|-400000||46600000|170100000|35700000|31900000|134400000|194000000|202000000|248600000|134400000|VRSK
2018-12-31|USD|255600000|479600000|224000000|224000000|216200000|97700000|47600000|189400000||-36800000||32600000|613700000|-4000000||43700000|179600000|33400000|32600000|146200000|63900000|212200000|255900000|146200000|VRSK
2018-09-30|USD|379500000|598700000|219200000|219200000|211100000|95700000||135200000||-32400000||32400000|598700000|14100000||39500000|192800000|26800000|32400000|166000000|130600000|225200000|264700000|166000000|VRSK
2018-06-30|USD|378900000|601300000|222400000|222400000|212300000|93000000||135100000||-31900000||31900000|601300000|4600000||41600000|185000000|31500000|31900000|153500000|-11400000|216900000|258500000|153500000|VRSK
2018-03-31|USD|360000000|581200000|221200000|221200000|194500000|91800000||134500000||-32800000||32800000|581200000|600000||40500000|162300000|29300000|32800000|133000000|236700000|195100000|235600000|133000000|VRSK
2017-12-31|USD|207700000|446600000|208700000|208700000|210000000|87200000|37400000|155600000||-36300000||32100000|-100000|1300000||36200000|179200000|-25400000|32100000|204600000|235600000|211300000|247500000|204600000|VRSK
2017-09-30|USD|350600000|549100000|198500000|198500000|208400000|80900000||117900000||-30300000||30300000|549100000|2600000||33800000|180700000|60000000|30300000|120700000|203800000|211000000|244800000|120700000|VRSK
2017-06-30|USD|329500000|523200000|193700000|193700000|195000000|78800000||112000000||-28500000||28500000|523200000|3400000||31800000|169900000|48900000|28500000|121000000|211500000|198400000|230200000|121000000|VRSK
2017-03-31|USD|319700000|502600000|182900000|182900000|187700000|75900000||111800000||-29500000||28400000|0|1900000||33800000|161200000|52400000|28400000|108800000|142700000|189600000|223400000|108800000|VRSK
2016-12-31|USD|179085000|476590000|-123195000|192992000|185400000|77200000|27400000|132979000||-29384000||28300000|-149000|3086000||28400000|162000000|52700000|28383000|107500000|-22600000|190300000|218700000|109300000|VRSK
2016-09-30|USD|192116000|469931000|277815000|169665000|198400000|77800000||108150000||-28150000||28100000|-40000|2124000||29500000|172400000|44800000|28150000|127600000|65800000|200500000|230000000|127600000|VRSK
2016-06-30|USD|183450000|466861000|283411000|178466000|191200000|75600000||104945000||-31435000||31500000|-904000|846000||29300000|315600000|53800000|31435000|106800000|121400000|347100000|376400000|261800000|VRSK
2016-03-31|USD|183433000|459634000|276201000|173277000|192600000|71000000||103349000||-33160000||32000000|93000|44000||31900000|143500000|50900000|32032000|109700000|17900000|175500000|207400000|92600000|VRSK
2015-12-31|USD|194590000|526116000|331526000|213695000|186257000|75608000|20600000|141103000||-33518000||32473000|-928000|-150000||27431000|159314000|45534000|32936000|108029000|51183000|191787000|219218000|113780000|VRSK
2015-09-30|USD|194420000|517398000|322978000|210167000|197148000|70642000||112811000||-33003000||33003000|-1000|17912000||27105000|189672000|57858000|33003000|124181000|36270000|222675000|249780000|131814000|VRSK
2015-06-30|USD|144872000|459988000|315116000|195196000|146043000|82336000||119920000||-37662000||37662000|18000|84966000||22677000|197712000|34392000|37662000|158917000|159505000|235374000|258051000|163320000|VRSK
2015-03-31|USD|172961000|439925000|266964000|184216000|173952000|49714000||82888000||-19457000||18262000|-15000|-538000||19388000|157501000|58815000|18262000|96373000|99142000|175763000|195151000|98686000|VRSK
2014-12-31|USD|172522000|446089000|273567000|193582000|148901000|16928000|25508000|106892000||-18237000||17604000|-538000|234000||2945000|146456000|49128000|17588000|82445000|59701000|164060000|167005000|97328000|VRSK
2014-09-30|USD|172179000|431167000|258988000|180873000|175490000|56164000||78115000||-17498000||17498000|225000|-285000||21951000|157707000|58692000|17498000|99015000|98531000|175205000|197156000|99015000|VRSK
2014-06-30|USD|155828000|406095000|250267000|172470000|159066000|57074000||77797000||-17459000||17459000|-52000|200000||20723000|141807000|53708000|17459000|88099000|88544000|159266000|179989000|88099000|VRSK
2014-03-31|USD|144272000|390860000|246588000|169673000|148843000|57134000||94821000||-18100000||17439000|-683000|9000||19781000|162530000|46972000|17439000|84441000|116224000|179969000|199750000|115558000|VRSK
2013-12-31|USD|141232000|313996000|172764000|106831000|155047000|57679000|21426000|106448000||-18315000||17650000|-152000|393000||19471000|138651000|51428000|17650000|86375000|130327000|156301000|175772000|87223000|VRSK
2013-09-30|USD|166291000|419905000|253614000|176580000|166835000|56783000||95725000||-18692000||18692000|-48000|228000||16745000|149915000|53474000|18692000|94894000|98187000|168607000|185352000|96441000|VRSK
2013-06-30|USD|148990000|401616000|252626000|174663000|146857000|58198000||97667000||-19704000||19704000|-2000|133000||15811000|129885000|45680000|19704000|81600000|84794000|149589000|165400000|84205000|VRSK
2013-03-31|USD|143428000|382119000|238691000|164449000|145528000|56322000||95056000||-20778000||20090000|-426000|-145000||14163000|126355000|45844000|20090000|79445000|80744000|146445000|160608000|80511000|VRSK
2012-12-31|USD|154523000|393920000|239397000|170021000|139614000|44909000|18386000|109373000||-21301000||20613000|-509000|69000||9189000|130727000|32428000|20613000|86620000|85992000|151340000|160529000|98299000|VRSK
2012-09-30|USD|152560000|380730000|228170000|156749000|155251000|58707000||89554000||-18133000||18133000|-67000|-502000||12714000|136616000|53705000|18133000|82911000|83412000|154749000|167463000|82911000|VRSK
2012-06-30|USD|133212000|355849000|222637000|147074000|138402000|62473000||92940000||-17377000||17377000|-28000|126000||13090000|121151000|47820000|17377000|73331000|73380000|138528000|151618000|73331000|VRSK
2012-03-31|USD|130625000|329578000|198953000|133330000|138961000|53979000||82356000||-16930000||16385000|7000|435000||11644000|123011000|48410000|16385000|74601000|75485000|139396000|151040000|74601000|VRSK
2011-12-31|USD|132266000|336339000|204073000|140375000|106639000|42855000|15393000|94271000||-15254000||14754000|-233000|387000||7177000|112566000|32248000|14754000|60016000|55687000|127320000|134497000|80318000|VRSK
2011-09-30|USD|130312000|330204000|199892000|137619000|131409000|51475000||76866000||-14593000||14593000|-414000|13000||10798000|116829000|45842000|14593000|70987000|70839000|131422000|142220000|70987000|VRSK
2011-06-30|USD|122597000|317182000|194585000|131185000|123818000|55909000||78285000||-14885000||14885000|-125000|115000||10855000|109048000|43471000|14885000|65577000|66906000|123933000|134788000|65577000|VRSK
2011-03-31|USD|118980000|307341000|188361000|124556000|119297000|49256000||73571000||-9924000||9615000|-96000|372000||11305000|110054000|44178000|9615000|119297000|66842000|119669000|130974000|65876000|VRSK
2010-12-31|USD|176683000|293158000|116475000|116475000|113707000|45240000|14870000|63520000||||9269000||||10820000|104585000|38692000||||113854000|124674000|65893000|VRSK
2010-09-30|USD|170349000|287354000|117005000|117005000|113718000|40982000||56631000||||8484000||||10035000|105302000|42422000||||113786000|123821000|62880000|VRSK
2010-06-30|USD|166677000|281677000|115000000|115000000|107075000|42638000||59602000||||8445000||||9944000|98751000|40347000||||107196000|117140000|58404000|VRSK
2010-03-31|USD|161161000|276154000|114993000|114993000|106414000|37514000||54747000||||8466000||||9929000|98012000|42637000||||106478000|116407000|55375000|VRSK
