fiscalDateEnding|reportedCurrency|grossProfit|totalRevenue|costOfRevenue|costofGoodsAndServicesSold|operatingIncome|sellingGeneralAndAdministrative|researchAndDevelopment|operatingExpenses|investmentIncomeNet|netInterestIncome|interestIncome|interestExpense|nonInterestIncome|otherNonOperatingIncome|depreciation|depreciationAndAmortization|incomeBeforeTax|incomeTaxExpense|interestAndDebtExpense|netIncomeFromContinuingOperations|comprehensiveIncomeNetOfTax|ebit|ebitda|netIncome|ticker
2024-12-31|USD|1061118000|1340299000|279181000|96309000|878246000|49114000||182872000||-270762000|592000|-724867000|21074000|7313000||606671000|219714000|20102000|6245000|201350000|134378000|-505153000|828123000|199612000|O
2024-09-30|USD|1091362000|1330915000|239553000|92154000|943963000|41869000||147399000||-262229000||261261000|-28915000|4739000||602339000|284840000|15355000|6001000|271124000|289922000|546101000|1228969000|269485000|O
2024-06-30|USD|1095310000|1339443000|244133000|99851000|951028000|45070000||144282000||-248730000||246931000|3408000|6108000||605570000|275033000|15642000|-228921000|260968000|267346000|521964000|1196551000|259391000|O
2024-03-31|USD|946689000|1260485000|313796000|89361000|722254000|40842000||224435000||-240614000|4272000|240614000|14708000|5446000||581064000|147786000|15502000|240614000|133899000|120582000|388400000|1128606000|132284000|O
2023-12-31|USD|919174000|1076285000|157111000|81883000|843946000|38015000||75228000||-208313000|18216000|208313000|-37553000|10804000||475856000|234208000|15803000|208313000|219762000|250450000|442521000|958522000|218405000|O
2023-09-30|USD|912906000|1039104000|126198000|70981000|857689000|35525000||55217000||-184121000|2813000|184121000|12910000|7235000||495566000|244809000|11336000|184121000|233877000|179265000|428930000|932598000|233473000|O
2023-06-30|USD|857517000|1019205000|161688000|94703000|790532000|36829000||66985000||-183857000|2141000|183857000|-7394000|3020000||472278000|208347000|12932000|183857000|197153000|218051000|392204000|912557000|195415000|O
2023-03-31|USD|826350000|944399000|118049000|69397000|777698000|34167000||48652000||-154132000|10322000|154132000|8160000|2730000||451477000|236966000|11950000|154132000|226122000|251604000|391098000|843565000|225016000|O
2022-12-31|USD|771671000|888669000|116998000|69089000|723762000|37525000||47909000||-131290000|2579000|131290000|-227138000|23604000||438174000|236646000|9381000|131290000|228336000|299036000|367936000|780382000|227265000|O
2022-09-30|USD|745058000|837269000|92211000|52719000|705566000|34096000||39492000||-117409000|23555000|117409000|-24248000|2249000||419016000|229730000|10163000|117169000|220287000|172250000|347139000|735620000|219567000|O
2022-06-30|USD|713680000|810419000|96739000|52180000|669121000|34139000||44559000||-110121000|853000|110121000|37401000|2806000||409437000|237865000|14658000|109994000|223822000|207669000|347986000|720279000|223207000|O
2022-03-31|USD|708745000|807343000|98598000|52342000|662489000|32699000||46256000||-106403000|19301000|106403000|22720000|1852000||403762000|210350000|10981000|106403000|199971000|232353000|316753000|725108000|199369000|O
2021-12-31|USD|461971000|685020000|219531000|43710000|286150000|30522000||175821000||-100739000|2986000|100739000|-39922000|6431000||333229000|14169000|10128000|147461000|4467000|10050000|114908000|618325000|4041000|O
2021-09-30|USD|410606000|489891000|81269000|29662000|358999000|23813000||51607000||-76156000|2374000|76156000|20617000|1984000||198832000|141075000|6079000|80139000|135276000|153286000|217231000|460457000|134996000|O
2021-06-30|USD|380155000|463298000|84127000|31734000|327762000|21849000||52393000||-73674000|400000|73674000|0|984000||187789000|133704000|9225000|73674000|124768000|113597000|207378000|425942000|124479000|O
2021-03-31|USD|390789000|442254000|52015000|28499000|367273000|20796000||23516000||-73075000|804000|73075000|-46473000|550000||177985000|102165000|6225000|119548000|369449000|142090000|175240000|433497000|95940000|O
2020-12-31|USD|418076000|418076000|67641000|27135000|418076000|16674000||40506000||-78764000|3311000|78764000|0|22667000||175041000|122431000|4500000|78764000|418076000|115743000|201195000|372079000|117931000|O
2020-09-30|USD|257548000|404572000|147024000|25410000|135934000|16514000||121614000||-76806000|2336000|76806000|0|13736000||169084000|27496000|4592000|76806000|145078000|23542000|104302000|451671000|22904000|O
2020-06-30|USD|381673000|414636000|32963000|26452000|348710000|19063000||32963000||-77841000|502000|77841000|0|1323000||168328000|110662000|2838000|77841000|347195000|97312000|188503000|381165000|107824000|O
2020-03-31|USD|385399000|414341000|28942000|25606000|356457000|20964000||28942000||-75925000|1564000|75925000|-9819000|28687000||164585000|149590000|2763000|85744000|392200000|121357000|225515000|345126000|146827000|O
2019-12-31|USD|397529000|397529000|25280000|25253000|397529000|16330000||25280000||-75073000|1792000|75073000|0|14131000||156594000|131033000|1736000|75073000|397529000|125794000|206106000|348936000|129297000|O
2019-09-30|USD|344284000|374247000|29963000|20354000|314321000|16460000||29963000||-73410000|327000|73410000|0|1674000||149424000|102871000|1822000|73410000|314173000|102047000|176281000|348935000|101049000|O
2019-06-30|USD|333804000|365450000|31646000|21342000|302158000|18585000||31646000||-72488000|136000|72488000|0|6891000||150426000|96349000|1155000|72488000|307894000|92394000|168837000|331557000|95194000|O
2019-03-31|USD|334585000|354365000|19780000|21636000|314805000|15108000||19780000||-70020000||70020000|0|7300000||137517000|112387000|1445000|70020000|320660000|107243000|182407000|315030000|110942000|O
2018-12-31|USD|342576000|342576000|36713000|17732000|342576000|34178000||36713000||-70635000||70635000|348476000|||137711000|86679000|1607000|70635000|342576000|76974000|157314000|286076000|85072000|O
2018-09-30|USD|246445000|338081000|30094000|15806000|216351000|16332000||30094000||-69342000||69342000|338081000|||136967000|100301000|1302000|69342000|215049000|98999000|169643000|304992000|98999000|O
2018-06-30|USD|236353000|328886000|25905000|16236000|210448000|17954000||25905000||-66628000||66628000|328886000|||133999000|97588000|1208000|66628000|217040000|96380000|164216000|290860000|96380000|O
2018-03-31|USD|214775000|318295000|44105000|16552000|170670000|15684000||44105000||-59415000||59415000|318295000|||131103000|84386000|1223000|59415000|172647000|83163000|143801000|297062000|83163000|O
2017-12-31|USD|775949000|866025000|28598000|16652000|747351000|15219000||28598000||-61478000||61478000|256473000|-42426000||127033000|64275000|3423000|103904000|767128000|60852000|125753000|304680000|60852000|O
2017-09-30|USD|816268000|830879000|14611000|17267000|801657000|13881000||14611000||-62951000||62951000|293455000|||127569000|89073000|1133000|62951000|804824000|87940000|152024000|271818000|87940000|O
2017-06-30|USD|792234000|812589000|20355000|16486000|771879000|15781000||20355000||-63679000||63679000|288049000|||123089000|81577000|441000|63679000|774238000|81136000|145256000|267338000|81136000|O
2017-03-31|USD|766597000|810362000|43765000|19075000|722832000|13565000||43765000||-59305000||59305000|285821000|||24800000|89917000|1047000|59305000|721785000|88870000|149222000|174022000|88870000|O
2016-12-31|USD|747697000|789356000|41659000|17411000|706038000|13559000||41659000||-48935000||48935000|275224000|||24400000|92891000|450000|48935000|-1639365000|92441000|141826000|166226000|92441000|O
2016-09-30|USD|733983000|754886000|20903000|15678000|713080000|12103000||20903000||-52952000||52952000|265332000|||23900000|77966000|894000|52952000|712186000|77072000|130918000|154818000|77072000|O
2016-06-30|USD|713457000|733742000|20285000|14671000|693172000|13985000||20285000||-57409000||57409000|260056000|||23100000|76768000|953000|57409000|692219000|75815000|134177000|157277000|75815000|O
2016-03-31|USD|683222000|720040000|36818000|15105000|646404000|12318000||36818000||-60678000||60678000|256801000|||22600000|71207000|964000|60678000|645440000|70243000|131885000|154485000|70243000|O
2015-12-31|USD|680388000|717155000|36767000|12897000|643621000|12967000||36767000||-51981000||51981000|252734000|||22400000|83662000|721000|51981000|83111000|82941000|135643000|158043000|82941000|O
2015-09-30|USD|675334000|690095000|14761000|13542000|660573000|10861000||14761000||-63950000||63950000|247578000|||22000000|68220000|745000|63950000|67813000|67475000|132170000|154170000|67475000|O
2015-06-30|USD|662233000|678042000|15809000|14937000|646424000|12609000||15809000||-58680000||58680000|241431000|||21900000|66715000|628000|58680000|66350000|66087000|125395000|147295000|66087000|O
2015-03-31|USD|622081000|658643000|36562000|13976000|585519000|12862000||36562000||-58468000||58468000|235122000|||21600000|68338000|1074000|58468000|67581000|67264000|126806000|148406000|67264000|O
2014-12-31|USD|610713000|649723000|39010000|20397000|571703000|15586000||39010000||-59120000||59120000|230635000|||21500000|78891000|1103000|59120000|78374000|80398000|138011000|159511000|77788000|O
2014-09-30|USD|625043000|636563000|11520000|12770000|613523000|11025000||11520000||-52814000||52814000|226832000|||16033000|73980000|697000|52814000|73627000|73283000|126794000|142827000|73283000|O
2014-06-30|USD|385716000|397802000|12086000|10127000|373630000|11587000||64798000||-52712000||52712000|221868000|||23382000|62472000|570000|52712000|62221000|61902000|115184000|138566000|61902000|O
2014-03-31|USD|346703000|383974000|37271000|10577000|309432000|12886000||88991000||-51720000||51720000|214122000|||22685000|58752000|1091000|51720000|54916000|57661000|110472000|133157000|57661000|O
2013-12-31|USD|355677000|381345000|25668000|13056000|317274000|16511000||89048000||-50645000|130000|50775000|204013000|||21782000|64916000|580000|50645000|49794000|64336000|115691000|137473000|64336000|O
2013-09-30|USD|322188000|345030000|22842000|5898000|305244000|16628000||66647000||-49703000|133000|49836000|195429000|||19782000|52140000|569000|49703000|45508000|51571000|101976000|121758000|51571000|O
2013-06-30|USD|309114000|327573000|18459000|3283000|293938000|12075000||54276000||-39100000|132000|39232000|182354000|||18300000|57063000|624000|39100000|51944000|54670000|96295000|114595000|56439000|O
2013-03-31|USD|257660000|300531000|42871000|3772000|218561000|11613000||80567000||-41468000|131000|41599000|170304000|||15000000|73794000|577000|41468000|33367000|71804000|115393000|130393000|73217000|O
2012-12-31|USD|196139000|216772000|20633000|769000|176275000|10223000||54929000||-33865000|1801000|35666000|125059000|||7390000|38869000|-154000|35065000|34032000|39023000|74535000|81925000|39023000|O
2012-09-30|USD|192914000|210362000|17448000|1951000|177417000|9335000||45217000||-29720000||29720000|119845000|||8359000|37863000|405000|29720000|33623000|37458000|67583000|75942000|37458000|O
2012-06-30|USD|190512000|201875000|11363000|2090000|181239000|9273000||38079000||-28806000||28806000|115038000|||3400000|43812000|405000|28806000|38161000|43407000|72618000|76018000|43407000|O
2012-03-31|USD|103019000|114723000|11704000|2536000|93851000|9168000||38120000||-28952000||28952000|114468000|||3300000|39668000|405000|28952000|37047000|39263000|68620000|71920000|39263000|O
2011-12-31|USD|103508000|113427000|9919000|2334000|95923000|7953000||36568000||-28481000|502000|28983000|112650000|||34209000|41373000|368000|28983000|31104000|41005000|70356000|103130000|41005000|O
2011-09-30|USD|98297000|107296000|8999000|1698000|90996000|7143000||35851000||-28550000||28550000|106808000|||31869000|41147000|367000|28550000|36952000|40780000|69697000|98088000|40780000|O
2011-06-30|USD|92973000|102626000|9653000|1656000|84976000|7987000||33644000||-25647000||25647000|102367000|||29001000|39616000|368000|25647000|37348000|39248000|65263000|92615000|39248000|O
2011-03-31|USD|87739000|97284000|10017000|1983000|79705000|7870000||33156000||-25122000||25122000|97616000|||26810000|36367000|368000|25122000|35611000|35999000|61489000|87903000|35999000|O
2010-12-31|USD|83217000|91870000|8569000|1977000|76625000|5785000||31723000||-25131000||25131000|91711000|||24892000|38380000|503000|25131000|27570000|37877000|63511000|84107000|37877000|O
2010-09-30|USD|79245000|86833000|7928000|1763000|73080000|6165000||31300000||-25135000||25135000|87089000|||24100000|31989000|335000|25135000|29515000|31654000|57124000|79245000|31654000|O
2010-06-30|USD|75132000|82397000|8334000|1684000|68482000|6650000||28226000||-21576000||21576000|82802000|||23524000|31325000|277000|21576000|28961000|31048000|52901000|74855000|31048000|O
2010-03-31|USD|81089000|82618000|2176000|2176000|50846000|97000||32142000||||21395000||||23255000|30482000|277000||29223000||51877000|74378000|30205000|O
2009-12-31|USD|74483000|78003000|6914000|6914000|52451000|5084000||22032000||||21377000||||22667000|35324000|-7000||28271000||56701000|75118000|35331000|O
2009-09-30|USD|79858000|81463000|2103000|2103000|52423000|4906000||29538000||||21374000||||22930000|33226000|74000||30957000||54600000|75353000|33152000|O
2009-06-30|USD|79754000|81301000|1884000|1884000|51479000|83000||30159000||||21367000||||22961000|32868000|308000||30052000||54235000|74440000|32560000|O
