fiscalDateEnding|reportedCurrency|grossProfit|totalRevenue|costOfRevenue|costofGoodsAndServicesSold|operatingIncome|sellingGeneralAndAdministrative|researchAndDevelopment|operatingExpenses|investmentIncomeNet|netInterestIncome|interestIncome|interestExpense|nonInterestIncome|otherNonOperatingIncome|depreciation|depreciationAndAmortization|incomeBeforeTax|incomeTaxExpense|interestAndDebtExpense|netIncomeFromContinuingOperations|comprehensiveIncomeNetOfTax|ebit|ebitda|netIncome|ticker
2024-09-30|USD|6890000000|7274000000|384000000|3321000000|2368000000|375000000||384000000||-692000000||692000000|7481000000|147000000||9000000|1912000000|377000000|692000000|1535000000|1526000000|2368000000|2377000000|1535000000|SO
2024-06-30|USD|6070000000|6463000000|393000000|4167000000|1939000000|384000000||393000000||-694000000||694000000|6347000000|151000000||9000000|1493000000|290000000|694000000|1188000000|1213000000|1939000000|1948000000|1203000000|SO
2024-03-31|USD|6241000000|6646000000|405000000|4569000000|1703000000|396000000||405000000||-665000000||665000000|6682000000|153000000||9000000|1352000000|223000000|665000000|1071000000|1166000000|1703000000|1712000000|1129000000|SO
2023-12-31|USD|5258000000|6045000000|787000000|3557000000|1207000000|349000000||769000000||-634000000||634000000|5942000000|125000000||35000000|859000000|4000000|634000000|796000000|808000000|1207000000|1242000000|855000000|SO
2023-09-30|USD|6629000000|6980000000|351000000|3226000000|2110000000|341000000||351000000||-620000000|588000000|620000000|7107000000|141000000||10000000|1719000000|297000000|620000000|1432000000|1460000000|2110000000|2120000000|1422000000|SO
2023-06-30|USD|5399000000|5748000000|349000000|3006000000|1290000000|340000000||349000000||-610000000|581000000|610000000|5532000000|142000000||9000000|936000000|98000000|610000000|823000000|881000000|1290000000|1299000000|838000000|SO
2023-03-31|USD|6076000000|6480000000|404000000|3799000000|1218000000|394000000||362000000||-582000000|534000000|582000000|6241000000|147000000||10000000|959000000|97000000|582000000|799000000|818000000|1218000000|1228000000|862000000|SO
2022-12-31|USD|-119000000|7047000000|119000000|5188000000|138000000|338000000||119000000||-561000000|519000000|561000000|6342000000|86000000||32000000|-334000000|-96000000|561000000|-238000000|-97000000|138000000|170000000|-238000000|SO
2022-09-30|USD|8015000000|8378000000|363000000|5001000000|2193000000|352000000||343000000||-511000000|483000000|511000000|7116000000|132000000||11000000|1886000000|414000000|511000000|1487000000|1500000000|2193000000|2204000000|1472000000|SO
2022-06-30|USD|6848000000|7206000000|358000000|4247000000|1655000000|349000000||348000000||-488000000|454000000|488000000|6226000000|139000000||9000000|1411000000|304000000|488000000|1089000000|1118000000|1655000000|1664000000|1107000000|SO
2022-03-31|USD|6266000000|6648000000|382000000|4023000000|1384000000|372000000||359000000||-462000000|416000000|462000000|6258000000|145000000||10000000|1205000000|173000000|462000000|991000000|1074000000|1384000000|1394000000|1032000000|SO
2021-12-31|USD|5309000000|5767000000|458000000|3957000000|-331000000|321000000||451000000||-485000000|444000000|485000000|5253000000|166000000||32000000|-267000000|-283000000|485000000|16000000|-133000000|-331000000|-299000000|16000000|SO
2021-09-30|USD|5915000000|6238000000|323000000|3168000000|1723000000|312000000||198000000||-451000000|421000000|451000000|5732000000|131000000||11000000|1473000000|372000000|451000000|1110000000|1137000000|1723000000|1734000000|1101000000|SO
2021-06-30|USD|4644000000|5198000000|554000000|231000000|708000000|313000000||312000000||-450000000|490000000|450000000|5422000000|101000000||10000000|360000000|-12000000|450000000|376000000|384000000|708000000|718000000|372000000|SO
2021-03-31|USD|4971000000|5910000000|939000000|583000000|1598000000|345000000||312000000||-450000000|405000000|450000000|6900000000|58000000||11000000|1326000000|190000000|450000000|1107000000|1163000000|1598000000|1609000000|1136000000|SO
2020-12-31|USD|5330000000|5117000000|-213000000|3037000000|729000000|302000000||415000000||-478000000|430000000|478000000|5475000000|17000000||38000000|352000000|-50000000|478000000|357000000|335000000|729000000|767000000|402000000|SO
2020-09-30|USD|5233000000|5620000000|387000000|71000000|1835000000|304000000||316000000||-443000000|410000000|443000000|5755000000|113000000||12000000|1544000000|293000000|443000000|1283000000|1271000000|1835000000|1847000000|1251000000|SO
2020-06-30|USD|4165000000|4620000000|455000000|144000000|1058000000|298000000||311000000||-444000000|414000000|444000000|4765000000|101000000||13000000|617000000|5000000|444000000|621000000|616000000|1058000000|1071000000|612000000|SO
2020-03-31|USD|4237000000|5018000000|781000000|439000000|1263000000|330000000||303000000||-456000000|414000000|456000000|5018000000|103000000||12000000|1013000000|145000000|456000000|841000000|821000000|1263000000|1275000000|868000000|SO
2019-12-31|USD|4914000000|4914000000|451000000|3171000000|690000000|299000000||375000000||-205000000|400000000|205000000|4004000000|13000000||23000000|366000000|-74000000|442000000|690000000|399000000|690000000|594000000|440000000|SO
2019-09-30|USD|5561000000|5995000000|434000000|79000000|2013000000|303000000||428000000||-3000000|395000000|3000000|6282000000|61000000||21000000|1683000000|367000000|434000000|1345000000|1275000000|2013000000|1707000000|1316000000|SO
2019-06-30|USD|4752000000|5098000000|346000000|191000000|1342000000|299000000||338000000||-429000000|396000000|429000000|5222000000|99000000||15000000|1044000000|145000000|429000000|931000000|864000000|1342000000|1357000000|899000000|SO
2019-03-31|USD|5066000000|5412000000|346000000|686000000|3691000000|329000000||-2151000000||-430000000|382000000|430000000|5412000000|78000000||17000000|3444000000|1360000000|430000000|2059000000|2084000000|3691000000|3708000000|2084000000|SO
2018-12-31|USD|5337000000|5337000000|613000000|3610000000|578000000|517000000||629000000||||456000000|5337000000|-81000000||19000000|129000000|-149000000|456000000|578000000|252000000|578000000|597000000|278000000|SO
2018-09-30|USD|5783000000|6159000000|376000000|3195000000|2174000000|319000000||23000000||||458000000|6159000000|57000000||21000000|1787000000|623000000|458000000|1222000000|1175000000|2174000000|2195000000|1164000000|SO
2018-06-30|USD|5052000000|5627000000|575000000|236000000|63000000|316000000||339000000||||470000000||78000000||23000000|-293000000|-139000000|470000000|-127000000|-142000000|63000000|86000000|-154000000|SO
2018-03-31|USD|5724000000|6372000000|648000000|267000000|1376000000|355000000||381000000||||458000000||60000000||26000000|1051000000|113000000|458000000|936000000|968000000|1376000000|1402000000|938000000|SO
2017-12-31|USD|5629000000|5629000000|1424000000|217000000|739000000|485000000||694000000||||446000000|5628000000|-2000000||30000000|321000000|-175000000||794000000|488000000|739000000|769000000|496000000|SO
2017-09-30|USD|5613000000|6201000000|588000000|256000000|1991000000|303000000||332000000||||407000000|6201000000|65000000||29000000|1659000000|590000000||1109000000|1078000000|1991000000|2020000000|1069000000|SO
2017-06-30|USD|4882000000|5430000000|548000000|211000000|-1649000000|308000000||337000000||||424000000||52000000||29000000|-1968000000|-587000000|424000000|-1348000000|-1383000000|-1649000000|-1620000000|-1381000000|SO
2017-03-31|USD|5227000000|5771000000|544000000|179000000|1252000000|330000000||365000000||||416000000||48000000||35000000|973000000|315000000|416000000|665000000|649000000|1252000000|1287000000|658000000|SO
2016-12-31|USD|5181000000|5181000000|1052000000|169000000|587000000|557000000||623000000||||404000000||116000000||23000000|621000000|34000000|404000000|587000000|2383000000|587000000|610000000|587000000|SO
2016-10-31|USD||||||||||||||||||||138000000|-1766000000|||141000000|SO
2016-09-30|USD|5703000000|6264000000|561000000|227000000|1917000000|309000000||334000000||||374000000||-8000000||25000000|1580000000|439000000|374000000|1168000000|1161000000|1917000000|1942000000|1141000000|SO
2016-06-30|USD|4015000000|4459000000|444000000|189000000|1185000000|255000000||255000000||||293000000||-28000000||569000000|885000000|261000000|293000000|636000000|620000000|1185000000|1767000000|624000000|SO
2016-03-31|USD|3544000000|3992000000|421000000|165000000|940000000|256000000||256000000||||246000000||-29000000||541000000|713000000|217000000|246000000|497000000|375000000|940000000|1453000000|496000000|SO
2015-12-31|USD|3568000000|3568000000|1886000000|138000000|578000000|369000000||1241000000||||228000000||2000000||519000000|696000000|118000000|228000000|578000000|-11377000000|578000000|1085000000|578000000|SO
2015-09-30|USD|5401000000|5401000000|457000000|193000000|1649000000|264000000||264000000||||218000000||-21000000||528000000|5901000000|500000000|218000000|5401000000|5401000000|1649000000|2156000000|5401000000|SO
2015-06-30|USD|4337000000|4337000000|416000000|171000000|1098000000|245000000||245000000||||180000000||-12000000||500000000|4639000000|302000000|180000000|4337000000|4337000000|1098000000|1586000000|4337000000|SO
2015-03-31|USD|4183000000|4183000000|396000000|144000000|957000000|252000000||252000000||||213000000||-8000000||487000000|4457000000|274000000|213000000|4183000000|4183000000|957000000|1436000000|4183000000|SO
2014-12-31|USD|4017000000|4017000000|2728000000|2728000000|561000000|734000000||729000000||||217000000||151000000||424000000|415000000|98000000||561000000|-12540000000|561000000|993000000|561000000|SO
2014-09-30|USD|5339000000|5339000000|2871000000|2871000000|1278000000|||1190000000||||207000000||||514000000|1127000000|392000000||5339000000|5339000000|1278000000|1785000000|5339000000|SO
2014-06-30|USD|4467000000|4467000000|2614000000|2614000000|1103000000|||750000000||||210000000||||504000000|949000000|321000000||4467000000|4467000000|1103000000|1601000000|4467000000|SO
2014-03-31|USD|4210000000|4644000000|434000000|187000000|700000000|247000000||247000000||||206000000||-7000000||497000000|527000000|176000000|206000000|162000000|706000000|700000000|1190000000|351000000|SO
2013-12-31|USD|3927000000|3927000000|538000000|94000000|799000000|347000000||444000000||||196000000||-61000000||479000000|991000000|192000000|196000000|799000000|799000000|799000000|1230000000|799000000|SO
2013-09-30|USD|4629000000|5017000000|388000000|145000000|1491000000|243000000||243000000||||202000000||-10000000||480000000|1320000000|468000000|202000000|667000000|1708000000|1491000000|1961000000|852000000|SO
2013-06-30|USD|3887000000|4246000000|359000000|127000000|640000000|232000000||232000000||||215000000||-4000000||476000000|455000000|158000000|215000000|98000000|604000000|640000000|1112000000|297000000|SO
2013-03-31|USD|3545000000|3897000000|352000000|95000000|325000000|257000000||257000000||||211000000||-27000000||466000000|112000000|31000000|211000000|-114000000|170000000|325000000|785000000|81000000|SO
2012-12-31|USD|3703000000|3703000000|-97000000|89000000|814000000|-74000000||-186000000||||210000000||-34000000||452000000|1050000000|236000000|210000000|814000000|814000000|814000000|1256000000|814000000|SO
2012-09-30|USD|4648000000|5049000000|401000000|164000000|1740000000|237000000||237000000||||218000000||-4000000||449000000|1545000000|569000000|218000000|775000000|1952000000|1740000000|2189000000|976000000|SO
2012-06-30|USD|3822000000|4181000000|359000000|150000000|1143000000|228000000||209000000||||220000000||8000000||445000000|952000000|329000000|220000000|419000000|1232000000|1143000000|1588000000|623000000|SO
2012-03-31|USD|3222000000|3604000000|382000000|141000000|766000000|241000000||241000000||||211000000||-8000000||441000000|568000000|200000000|211000000|173000000|374000000|766000000|1207000000|368000000|SO
2011-12-31|USD|3696000000|3696000000|599000000|148000000|589000000|369000000||451000000||||219000000||-58000000||518000000|685000000|96000000|219000000|589000000|589000000|589000000|1107000000|589000000|SO
2011-09-30|USD|4974000000|5428000000|454000000|215000000|1652000000|239000000||239000000||||217000000||-1000000||431000000|1459000000|543000000|217000000|716000000|897000000|1652000000|2083000000|916000000|SO
2011-06-30|USD|4149000000|4521000000|372000000|145000000|1136000000|227000000||227000000||||199000000||-4000000||429000000|953000000|349000000|199000000|421000000|608000000|1136000000|1564000000|604000000|SO
2011-03-31|USD|3703000000|4012000000|309000000|100000000|854000000|209000000||209000000||||222000000||2000000||418000000|653000000|231000000|222000000|216000000|852000000|854000000|1272000000|422000000|SO
2010-12-31|USD|3771000000|3771000000|-71539000|98774000|470000000|-248313000||-170313000|8943000|||228711000||-49000000||454489000|571000000|101000000|229000000|470000000|470000000|470000000|933872000|470000000|SO
2010-09-30|USD|4875365000|5320000000|444547000|209287000|1459000000|235260000||235260000|5463000|||225000000||-3000000||427000000|1259238000|442000000|225000000|608295000|1639902000|1459000000|1886000000|817238000|SO
2010-06-30|USD|3864980000|4208000000|342439000|128373000|951000000|214066000||214066000|4807000|||219000000||-5000000||367000000|757194000|247000000|219000000|307720000|1028548000|951000000|1318000000|510194000|SO
2010-03-31|USD|3813929000|4157000000|343388000|126566000|922000000|216822000||216822000|4787000|||222000000||-2000000||343000000|730508000|236000000|222000000|288221000|1007492000|922000000|1265000000|494508000|SO
2009-12-31|USD|3510000000|3510000000|217751000|66377000|477000000|151374000||151190000|5209000|||220098000|184000|68293000||477146000|544167000|67167000|220098000|477000000|477000000|477000000|959208000|477000000|SO
2009-09-30|USD|4301809000|4682000000|379673000|166791000|1415000000|212882000||212882000|6013000|||226000000|0|-10466000||332000000|1225922000|435947000|226345000|806136000|1584129000|1415000000|1747000000|789975000|SO
2009-06-30|USD|3543887000|3885000000|341277000|133188000|886000000|208089000||225273000|4870000|||232830000|-17184000|-3001000||438521000|704330000|225717000|232830000|495488000|965069000|886000000|1329585000|478613000|SO
