fiscalDateEnding|reportedCurrency|grossProfit|totalRevenue|costOfRevenue|costofGoodsAndServicesSold|operatingIncome|sellingGeneralAndAdministrative|researchAndDevelopment|operatingExpenses|investmentIncomeNet|netInterestIncome|interestIncome|interestExpense|nonInterestIncome|otherNonOperatingIncome|depreciation|depreciationAndAmortization|incomeBeforeTax|incomeTaxExpense|interestAndDebtExpense|netIncomeFromContinuingOperations|comprehensiveIncomeNetOfTax|ebit|ebitda|netIncome|ticker
2024-12-31|USD|7177000000|7177000000|9963000000||7177000000|1335000000||1453000000|-44000000|-109000000|18000000|109000000|6126000000|||990000000|1497000000|599000000|13000000|947000000|-479000000|1606000000|2536000000|898000000|AIG
2024-09-30|USD|-2278000000|6751000000|9029000000|1346000000|-3762000000|1346000000||1483000000|-45000000|-112000000|61000000|112000000|5869000000|||856000000|627000000|168000000|0|481000000|2302000000|739000000|1505000000|459000000|AIG
2024-06-30|USD|-2410000000|6560000000|8970000000|1610000000|-4431000000|1610000000||2036000000|-37000000|-125000000|73000000|125000000|5606000000|||838000000|-3835000000|142000000|126000000|475000000|2717000000|-3710000000|1455000000|-3977000000|AIG
2024-03-31|USD|-4524000000|6763000000|17102000000|2014000000|-6671000000|2014000000||2154000000|-222000000|-260000000|649000000|260000000|7793000000|||913000000|1667000000|451000000|260000000|1216000000|457000000|1927000000|2964000000|1216000000|AIG
2023-12-31|USD|-5602000000|6526000000|15428000000|4893000000|-7943000000|2134000000||2340000000|-196000000|-271000000|474000000|271000000|8354000000|||969000000|-780000000|-873000000|213000000|93000000|6413000000|-509000000|-106000000|93000000|AIG
2023-09-30|USD|-574000000|7267000000|13348000000|2117000000|-2830000000|1311000000||2249000000|-181000000|-280000000|-142000000|138000000|7077000000|||971000000|2848000000|399000000|301000000|2027000000|-1459000000|3128000000|2747000000|2027000000|AIG
2023-06-30|USD|-3981000000|7436000000|17199000000|2268000000|-6414000000|1494000000||2421000000|-203000000|-278000000|-149000000|129000000|8720000000|||122085|1669000000|45000000|278000000|1493000000|13000000|1947000000|1691000000|1493000000|AIG
2023-03-31|USD|-3665000000|10984000000|14649000000|1980000000|-5780000000|1980000000||2108000000|-205000000|-307000000|567000000|307000000|8183000000|||41584|-114000000|-144000000|307000000|30000000|3317000000|193000000|-87000000|30000000|AIG
2022-12-31|USD|290000000|13832000000|11296000000|9195000000|-2583000000|2750000000||2867000000|-172000000|-314000000|734000000|314000000|9046000000|||54880|791000000|190000000|318000000|271000000|1089000000|1105000000|1586000000|601000000|AIG
2022-09-30|USD|-963000000|13998000000|15565000000|2093000000|-3210000000|2075000000||2240000000|-151000000|-282000000|282000000|282000000|7740000000|||27081|3565000000|817000000|282000000|2709000000|-4841000000|3847000000|5010000000|2748000000|AIG
2022-06-30|USD|901000000|13663000000|13540000000|2223000000|-1506000000|2206000000||2398000000|-173000000|-266000000|266000000|266000000|6579000000|||86065|3599000000|845000000|565000000|3037000000|-8865000000|3865000000|-1139000000|2754000000|AIG
2022-03-31|USD|2248000000|14944000000|13560000000|2181000000|67000000|2164000000||2181000000|-155000000|-263000000|453000000|263000000|7922000000|||60459|5327000000|1154000000|263000000|4253000000|-7926000000|5590000000|7149000000|4173000000|AIG
2021-12-31|USD|-4530000000|14087000000|18617000000|-29069000000|-6782000000|2244000000||2252000000|-146000000|-297000000|297000000|297000000|9362000000|||71391|4688000000|942000000|537000000|3739000000|2926000000|4985000000|6028000000|3746000000|AIG
2021-09-30|USD|-3479000000|12835000000|16314000000|2240000000|-5719000000|2240000000||2240000000|-141000000|-328000000|435000000|328000000|7875000000|||54000|2106000000|439000000|379000000|1660000000|64000000|2434000000|3654000000|1667000000|AIG
2021-06-30|USD|-5406000000|10681000000|16087000000|2218000000|-7624000000|2218000000||2218000000|-115000000|-338000000|503000000|338000000|7680000000|||55806|96000000|-3000000|444000000|91000000|3842000000|434000000|1381000000|99000000|AIG
2021-03-31|USD|-57000000|14454000000|14511000000|2088000000|-2145000000|2088000000||2088000000|-120000000|-342000000|414000000|342000000|6694000000|||55213|4674000000|798000000|334000000|3869000000|-3169000000|5016000000|6439000000|3876000000|AIG
2020-12-31|USD|-6491000000|9676000000|16167000000|-25735000000|-8482800000|2165000000||1991800000|-138000000|-358000000|489000000|358000000|5163000000|||55131|-595000000|-542000000|355000000|-60000000|2480000000|-237000000|660000000|-53000000|AIG
2020-09-30|USD|-5106000000|10221000000|15327000000|1991000000|-7097000000|1991000000||1991000000|-133000000|-379000000|379000000|379000000|6190000000|||52750|362000000|74000000|377000000|276000000|2097000000|741000000|1404000000|288000000|AIG
2020-06-30|USD|-7424000000|9396000000|16820000000|2087000000|-9511000000|2087000000||2087000000|-139000000|-365000000|498000000|365000000|6883000000|||51116|-9824000000|-1896000000|365000000|-7935000000|2235000000|-9459000000|-8777000000|-7928000000|AIG
2020-03-31|USD|-3148000000|14443000000|17591000000|2153000000|-5301000000|2153000000||2153000000|-148000000|-355000000|513000000|355000000|8731000000|||47300|2653000000|904000000|372000000|1742000000|-4227000000|3008000000|4886000000|1749000000|AIG
2019-12-31|USD|11771000000|11815000000|44000000|-28328000000|11727000000|2157000000||44000000|-144000000|-360000000|519000000|360000000|7271000000|||46467|1145000000|216000000|379000000|873000000|296000000|1505000000|2678000000|929000000|AIG
2019-09-30|USD|-5300000000|12914000000|18214000000|2187000000|-7487000000|2187000000||2187000000|-135000000|-348000000|495000000|348000000|7880000000|||44646|943000000|287000000|348000000|648000000|1280000000|1291000000|2467000000|656000000|AIG
2019-06-30|USD|-3575000000|12561000000|16136000000|2140000000|-5715000000|2140000000||2140000000|-132000000|-360000000|518000000|360000000|7620000000|||40963|1555000000|446000000|375000000|1103000000|3972000000|1915000000|3273000000|1109000000|AIG
2019-03-31|USD|-5159000000|12456000000|17615000000|2053000000|-7212000000|2053000000||2053000000|-114000000|-349000000|349000000|349000000|7963000000|||40374|871000000|217000000|347000000|654000000|4195000000|1220000000|2519000000|654000000|AIG
2018-12-31|USD|12424000000|12560000000|136000000|-25600000000|12288000000|2383000000||136000000|-128000000|-407000000||407000000|-3000000|||1549000000|-759000000|-137000000|3000000|-620000000|-1499000000|-352000000|1197000000|-622000000|AIG
2018-09-30|USD|-9537000000|11486000000|21023000000|2325000000|-11862000000|2325000000||2325000000|-115000000|-326000000||326000000|7645000000|||1029000000|-1566000000|-307000000|327000000|-1220000000|-2025000000|-1240000000|-211000000|-1259000000|AIG
2018-06-30|USD|-4000000000|11631000000|15631000000|2323000000|-6323000000|2323000000||2323000000|-126000000|-299000000||299000000|8153000000|||1402000000|1258000000|321000000|304000000|937000000|-1053000000|1557000000|2959000000|937000000|AIG
2018-03-31|USD|-4142000000|11712000000|15854000000|2271000000|-6413000000|2271000000||2271000000|-124000000|-277000000||277000000|7863000000|||1382000000|1215000000|277000000|281000000|939000000|-1731000000|1492000000|2874000000|938000000|AIG
2017-12-31|USD|12481000000|12635000000|154000000|-28194000000|12327000000|2333000000||154000000|-130000000|-288000000||288000000|-1000000|||1068000000|884000000|7544000000|1000000|-6657000000|-7134000000|1172000000|2240000000|-6660000000|AIG
2017-09-30|USD|-12859000000|11751000000|24610000000|2149000000|-15008000000|2149000000||2149000000|-136000000|-290000000||290000000|8720000000|||804000000|-2830000000|-1091000000|291000000|-1738000000|-762000000|-2540000000|-1736000000|-1739000000|AIG
2017-06-30|USD|-4293000000|12502000000|16795000000|2182000000|-6475000000|2182000000||2182000000|-128000000|-292000000||292000000|8119000000|||990000000|1687000000|557000000|288000000|1122000000|2311000000|1979000000|2969000000|1130000000|AIG
2017-03-31|USD|-3931000000|12632000000|16563000000|2543000000|-6374000000|2443000000||2443000000|-126000000|-298000000||298000000|8290000000|||1012000000|1701000000|516000000|297000000|1185000000|1736000000|1999000000|3011000000|1185000000|AIG
2016-12-31|USD|12804000000|13010000000|206000000|-29234000000|12598000000|2864000000||206000000|-115000000|-305000000||305000000|2000000|||1276000000|-4026000000|-985000000|-2000000|-3005000000|-8868000000|-3721000000|-2445000000|-3041000000|AIG
2016-09-30|USD|-6557000000|12854000000|19411000000|2536000000|-9093000000|2536000000||2536000000|-115000000|-329000000||329000000|8376000000|||544000000|766000000|304000000|315000000|459000000|1260000000|1095000000|1639000000|462000000|AIG
2016-06-30|USD|-3942000000|14724000000|18666000000|2586000000|-6528000000|2586000000||2586000000|-109000000|-320000000||320000000|9572000000|||1073000000|2837000000|924000000|327000000|1923000000|4647000000|3157000000|4230000000|1913000000|AIG
2016-03-31|USD|-6241000000|11779000000|18020000000|10217000000|-9244000000|3003000000||3003000000|-114000000|-306000000||306000000|8806000000|||1197000000|-241000000|-58000000|389000000|-136000000|2805000000|65000000|1262000000|-183000000|AIG
2015-12-31|USD|13609000000|13831000000|222000000|-31136000000|13387000000|3472000000||222000000|-126000000|-304000000||304000000|0|||1127000000|-2924000000|-1083000000|0|-1841000000|-5861000000|-2620000000|-1493000000|-1841000000|AIG
2015-09-30|USD|-6413000000|12822000000|19235000000|3175000000|-9588000000|3175000000||3175000000|-133000000|-321000000||321000000|9214000000|||1092000000|-166000000|65000000|667000000|-214000000|-1294000000|155000000|1247000000|-231000000|AIG
2015-06-30|USD|-3902000000|15699000000|19601000000|11304000000|-6992000000|3090000000||3090000000|-117000000|-316000000||316000000|10245000000|||1184000000|2577000000|777000000|658000000|1784000000|-1237000000|2893000000|4077000000|1800000000|AIG
2015-03-31|USD|-2337000000|15975000000|18312000000|10559000000|-5286000000|2949000000||2949000000|-152000000|-340000000||340000000|9893000000|||1226000000|3768000000|1300000000|408000000|2467000000|2508000000|4108000000|5334000000|2468000000|AIG
2014-12-31|USD|-1268000000|15410000000|22067000000|0|-1268000000|3249000000||1268000000|-119000000|-346000000||346000000|-1268000000|||1076000000|674000000|19000000|1268000000|690000000|-59000000|1020000000|2096000000|655000000|AIG
2014-09-30|USD|120000000|16697000000|16534000000|0|-16487000000|3151000000||4144000000|-133000000|-430000000||430000000|9097000000|||1029000000|3012000000|820000000|1172000000|2190000000|2012000000|3442000000|4471000000|2192000000|AIG
2014-06-30|USD|365000000|16136000000|15740000000|489000000|-14731000000|3714000000||3968000000|-133000000|-463000000||463000000|9878000000|||1222000000|4547000000|1474000000|497000000|3043000000|5499000000|5010000000|6232000000|3073000000|AIG
2014-03-31|USD|414000000|16163000000|15698000000|1096000000|-16548000000|3024000000||3840000000|-132000000|-479000000||479000000|9589000000|||1121000000|2223000000|614000000|717000000|1656000000|4334000000|2702000000|3823000000|1609000000|AIG
2013-12-31|USD|17346000000|17346000000|16959000000|4597000000|17346000000|6830000000||192000000|-45000000|-514000000||514000000|-192000000|||1203000000|2166000000|188000000|192000000|1967000000|1829000000|2680000000|3932000000|1978000000|AIG
2013-09-30|USD|-2290000000|15944000000|17116000000|13111000000|-18735000000|2251000000||3395000000|-120000000|-516000000||516000000|9187000000|||1071000000|1200000000|-970000000|597000000|2188000000|1640000000|1716000000|2764000000|2170000000|AIG
2013-06-30|USD|-1139000000|18426000000|18454000000|13344000000|-18514000000|2245000000||3492000000|-155000000|-535000000||535000000|9532000000|||1259000000|3156000000|425000000|573000000|2713000000|-2069000000|3691000000|4947000000|2731000000|AIG
2013-03-31|USD|150000000|16962000000|15738000000|11967000000|-16055000000|2238000000||4337000000|-148000000|-577000000||577000000|9090000000|||1180000000|2923000000|717000000|917000000|2133000000|1471000000|3500000000|4657000000|2206000000|AIG
2012-12-31|USD|16073000000|17169000000|-219000000|2000000|16292000000|6277000000||-260000000|-160000000|576000000|1161000000|585000000|41000000|||-234000000|-6090000000|-2132000000|-41000000|-3679000000|-3599000000|-5505000000|-4488000000|-3958000000|AIG
2012-09-30|USD|-1338000000|17865000000|18986000000|720000000|-19102000000|2214000000||3699000000|-157000000|-988000000|-386000000|602000000|10650000000|||1967000000|2590000000|734000000|988000000|1819000000|4952000000|3192000000|5546000000|1856000000|AIG
2012-06-30|USD|-1475000000|17338000000|18598000000|646000000|-20453000000|2264000000||4571000000|-157000000|-954000000|-387000000|567000000|10731000000|||1854000000|1841000000|-491000000|965000000|2153000000|3250000000|2408000000|4547000000|2332000000|AIG
2012-03-31|USD|903000000|18649000000|17540000000|625000000|-16151000000|2258000000||4169000000|-122000000|-953000000|-388000000|565000000|10596000000|||1720000000|4289000000|1081000000|974000000|3144000000|4928000000|4854000000|7029000000|3208000000|AIG
2011-12-31|USD|17758000000|16376000000|-349000000|584000000|18107000000|2294000000||-833000000||-897000000|-1508000000|-611000000|484000000|||2431000000|2902000000|-18577000000|-484000000|20527000000|20679000000|2291000000|6212000000|21479000000|AIG
2011-09-30|USD|-9378000000|11606000000|22094000000|2093000000|-30650000000|2067000000||5143000000||-945000000|25000000|970000000|10958000000|||2971000000|-4655000000|-665000000|945000000|-3769000000|-7054000000|-3685000000|-827000000|-3990000000|AIG
2011-06-30|USD|-2187000000|15547000000|18863000000|627000000|-19680000000|2129000000||3670000000||-968000000|33000000|1001000000|10953000000|||2193000000|1540000000|-296000000|1047000000|1885000000|4033000000|2541000000|4713000000|1836000000|AIG
2011-03-31|USD|-2033000000|16283000000|19469000000|670000000|-22769000000|1968000000||6294000000||-1061000000||1061000000|7325000000|||2288000000|1071000000|-226000000|4374000000|-1281000000|481000000|2132000000|3418000000|1297000000|AIG
2010-12-31|USD|21970000000|21202000000|-768000000|1379000000|22738000000|4916000000||-664000000||-2525000000|-1578000000|947000000|-104000000|||2216000000|17125000000|5949000000|104000000|10336000000|3579000000|18072000000|20610000000|11176000000|AIG
2010-09-30|USD|-7316000000|19455000000|26407000000|1031000000|-31325000000|1933000000||7498000000||-2158000000|152000000|2310000000|12639000000|||3655000000|-2031000000|486000000|2158000000|-672000000|5722000000|279000000|3887000000|-2517000000|AIG
2010-06-30|USD|-5270000000|18314000000|25252000000|636000000|-29610000000|1704000000||7970000000||-2009000000|-275000000|1734000000|12649000000|||2920000000|-1651000000|1005000000|2009000000|-32000000|120000000|83000000|2584000000|-2656000000|AIG
2010-03-31|USD|-4080000000|18555000000|20410000000|1004000000|-24740000000|1610000000||6899000000||-1734000000|17000000|1751000000|10067000000|||2529000000|1336000000|-447000000|1734000000|1450000000|3419000000|3087000000|5623000000|1783000000|AIG
2009-12-31|USD|-7737000000|18661000000|27709000000|35367000000|-41360000000|-4947000000||12673000000||-7414000000|264000000|7678000000|12072000000|||12449000000|-8852000000|21000000|7414000000|136662000000|-4105000000|-1174000000|11065000000|-8873000000|AIG
2009-09-30|USD|-10898000000|19604000000|36947000000|-17393000000|-45018000000|3533000000||10374000000||-2510000000|-417000000|2093000000|16041000000|||728000000|47000000|-408000000|2510000000|-44826000000|12666000000|2140000000|2868000000|455000000|AIG
2009-06-30|USD|-11058000000|23922000000|40583000000|17393000000|-47597000000|4484000000||10933000000||-2600000000|-47000000|2553000000|17769000000|||824000000|1407000000|-415000000|2600000000|-47071000000|8744000000|3960000000|4720000000|1822000000|AIG
2009-03-31|USD|13315000000|13315000000|19548000000|19548000000|-2743000000|3576000000||-23201000000||||2587000000||||630000000|-5656000000|-1303000000|||-6885000000|-3069000000|-2113000000|-4353000000|AIG
2008-12-31|USD|-27966000000|-27966000000|1706000000|1706000000|94171000000|2667000000||-84773000000||||10811000000||||796000000|-60968000000|691000000|||-58507000000|-50157000000|-46758000000|-61659000000|AIG
2008-09-30|USD|898000000|898000000|25426000000|25426000000|-25651000000|6782000000||-26549000000||||2297000000||||928000000|-27948000000|-3480000000|||-30045000000|-25651000000|-24723000000|-24468000000|AIG
2008-06-30|USD|19933000000|19933000000|10239000000|10239000000|-8714000000|6029000000||-18408000000||||1333000000||||-2242000000|-8714000000|-3357000000|||-7989000000|-7381000000|-10956000000|-5357000000|AIG
