fiscalDateEnding|reportedCurrency|grossProfit|totalRevenue|costOfRevenue|costofGoodsAndServicesSold|operatingIncome|sellingGeneralAndAdministrative|researchAndDevelopment|operatingExpenses|investmentIncomeNet|netInterestIncome|interestIncome|interestExpense|nonInterestIncome|otherNonOperatingIncome|depreciation|depreciationAndAmortization|incomeBeforeTax|incomeTaxExpense|interestAndDebtExpense|netIncomeFromContinuingOperations|comprehensiveIncomeNetOfTax|ebit|ebitda|netIncome|ticker
2024-09-30|USD|3043000000|5215000000|2172000000|2008000000|1602000000|1606000000||2172000000|13000000|-326000000|13000000|339000000|-33000000|-5000000||566000000|638000000|74000000|326000000|571000000|805000000|977000000|1543000000|564000000|FI
2024-06-30|USD|2824000000|5107000000|2283000000|1983000000|1428000000|1697000000||2283000000|9000000|-285000000|9000000|294000000|2000000|-5000000||586000000|1115000000|221000000|285000000|909000000|691000000|1409000000|1995000000|894000000|FI
2024-03-31|USD|2237000000|4883000000|2646000000|2006000000|1181000000|1697000000||2646000000|10000000|-261000000|10000000|271000000|2000000|-7000000||935000000|888000000|153000000|271000000|752000000|524000000|1159000000|2094000000|735000000|FI
2023-12-31|USD|2146000000|4917000000|2771000000|1270000000|1446000000|1624000000||2776000000|5000000|-284000000|5000000|289000000||-59000000||1147000000|1080000000|210000000|289000000|889000000|1253000000|1369000000|2516000000|870000000|FI
2023-09-30|USD|2642000000|4873000000|2231000000|1894000000|1503000000|1652000000||2055000000|10000000|-258000000|10000000|268000000||-35000000||579000000|1191000000|239000000|268000000|969000000|686000000|1459000000|2038000000|952000000|FI
2023-06-30|USD|2446000000|4756000000|2310000000|1929000000|1131000000|1696000000||2310000000|5000000|-232000000|5000000|237000000||-26000000||614000000|864000000|181000000|237000000|695000000|837000000|1101000000|1715000000|683000000|FI
2023-03-31|USD|1996000000|4547000000|2551000000|2005000000|934000000|1604000000||2555000000|8000000|-202000000|8000000|210000000||-20000000||947000000|687000000|124000000|210000000|576000000|698000000|897000000|1844000000|563000000|FI
2022-12-31|USD|2544000000|4631000000|2621000000|1980000000|1179000000|1499000000||2594000000|5000000|-199000000|5000000|204000000||-11000000||1094000000|951000000|169000000|204000000|798000000|1132000000|1155000000|2249000000|782000000|FI
2022-09-30|USD|2173000000|4518000000|2155000000|1996000000|855000000|1547000000||2275000000|3000000|-190000000|3000000|193000000|4518000000|-13000000||608000000|628000000|147000000|193000000|493000000|-53000000|821000000|1429000000|481000000|FI
2022-06-30|USD|2106000000|4450000000|2168000000|2044000000|860000000|1546000000||2168000000|2000000|-176000000|2000000|178000000|4450000000|-66000000||622000000|735000000|137000000|178000000|609000000|233000000|913000000|1535000000|598000000|FI
2022-03-31|USD|1565000000|4138000000|2405000000|1972000000|846000000|1467000000||2258000000|3000000|-168000000|3000000|171000000|4138000000|-4000000||938000000|767000000|98000000|171000000|682000000|774000000|938000000|1876000000|669000000|FI
2021-12-31|USD|1755000000|4780000000|2629000000|2203000000|533000000|1521000000||2629000000|0|-170000000||170000000|4257000000|35000000||1030000000|396000000|63000000|170000000|355000000|237000000|566000000|1596000000|333000000|FI
2021-09-30|USD|1842000000|3991000000|2149000000|2051000000|636000000|1476000000||2149000000|1000000|-172000000|1000000|173000000|4163000000|14000000||642000000|482000000|54000000|173000000|446000000|102000000|655000000|1297000000|428000000|FI
2021-06-30|USD|1777000000|3876000000|2099000000|1967000000|644000000|1440000000||2099000000|1000000|-175000000|1000000|176000000|4051000000|1000000||653000000|497000000|228000000|176000000|284000000|482000000|673000000|1326000000|269000000|FI
2021-03-31|USD|1324000000|3650000000|2326000000|1907000000|475000000|1373000000||2326000000|1000000|-176000000|1000000|177000000|3755000000|21000000||918000000|322000000|18000000|177000000|318000000|155000000|499000000|1417000000|304000000|FI
2020-12-31|USD|2373000000|3834000000|1459000000|1857000000|516000000|1459000000||1459000000|1000000|-174000000|1000000|175000000|3832000000|-6000000||886000000|320000000|20000000|175000000|313000000|744000000|495000000|1381000000|300000000|FI
2020-09-30|USD|1541000000|3669000000|2128000000|1868000000|542000000|1412000000||2092000000|2000000|-174000000|2000000|176000000|3822000000|13000000||671000000|388000000|124000000|176000000|276000000|77000000|564000000|1235000000|264000000|FI
2020-06-30|USD|1109000000|3312000000|2203000000|1920000000|165000000|1377000000||2206000000|2000000|-174000000|2000000|176000000|3462000000|1000000||694000000|-25000000|-27000000|176000000|9000000|169000000|151000000|845000000|2000000|FI
2020-03-31|USD|1600000000|4037000000|2437000000|2167000000|629000000|1404000000||2006000000|2000000|-187000000|2000000|189000000|4200000000|20000000||985000000|471000000|79000000|189000000|377000000|-239000000|660000000|1645000000|392000000|FI
2019-12-31|USD|2539000000|4050000000|1511000000|2109000000|478000000|1463000000||1506000000|4000000|-194000000|4000000|198000000|4050000000|-6000000||1550000000|301000000|54000000|198000000|241000000|446000000|499000000|2049000000|247000000|FI
2019-09-30|USD|1825000000|2978000000|1153000000|1617000000|374000000|1137000000||1153000000|23000000|-164000000|23000000|187000000|3128000000|-3000000||16000000|251000000|53000000|187000000|225000000|12000000|438000000|454000000|198000000|FI
2019-06-30|USD|1104000000|1448000000|344000000|785000000|384000000|343000000||344000000|6000000|-58000000|6000000|64000000|1512000000|2000000||1000000|283000000|60000000|64000000|223000000|115000000|347000000|348000000|223000000|FI
2019-03-31|USD|263000000|1502000000|1239000000|798000000|373000000|341000000||431000000|2000000|-57000000|2000000|59000000|1512000000|1000000||100000000|256000000|31000000|59000000|225000000|207000000|315000000|415000000|225000000|FI
2018-12-31|USD|431000000|1551000000|1120000000|822000000|431000000|298000000||298000000|6000000|-55000000|1000000|56000000|0|2000000||111000000|374000000|88000000|62000000|286000000|298000000|430000000|541000000|286000000|FI
2018-09-30|USD|358000000|1412000000|1054000000|749000000|356000000|305000000||307000000|2000000|-45000000|2000000|47000000|1402000000|1000000||96000000|305000000|78000000|55000000|227000000|214000000|352000000|448000000|227000000|FI
2018-06-30|USD|361000000|1420000000|1059000000|739000000|358000000|320000000||323000000||-45000000||45000000|1417000000|-3405000||96000000|323000000|72000000|45000000|251000000|241000000|368000000|464000000|251000000|FI
2018-03-31|USD|282000000|1440000000|1158000000|759000000|608000000|305000000||167000000||-45000000||45000000|1672000000|-1735000||94000000|563000000|140000000|45000000|423000000|421000000|608000000|702000000|423000000|FI
2017-12-31|USD|425000000|1516000000|1091000000|778000000|425000000|313000000||313000000|0|-44000000|1000000|45000000|0|306000||69000000|395000000|-151000000|45000000|532000000|547000000|440000000|509000000|546000000|FI
2017-09-30|USD|370000000|1400000000|1030000000|746000000|370000000|284000000||284000000|0|-45000000||45000000|0|123970000||68000000|330000000|98000000|45000000|232000000|236000000|375000000|443000000|232000000|FI
2017-06-30|USD|362000000|1386000000|1024000000|748000000|372000000|276000000||266000000|2000000|-44000000||44000000|10000000|1187000||69000000|330000000|109000000|44000000|221000000|229000000|374000000|443000000|221000000|FI
2017-03-31|USD|297000000|1394000000|1097000000|752000000|365000000|277000000||345000000|0|-42000000||42000000|0|431000||68000000|349000000|102000000|42000000|247000000|256000000|391000000|459000000|247000000|FI
2016-12-31|USD|375000000|1431000000|1056000000|761000000|375000000|295000000|106000000|295000000|0|-42000000||42000000|0|-16671000||66000000|334000000|119000000|42000000|215000000|208000000|376000000|442000000|215000000|FI
2016-09-30|USD|369000000|1380000000|1011000000|737000000|369000000|274000000||274000000|0|-41000000||41000000|0|-712000||65000000|328000000|114000000|41000000|214000000|219000000|369000000|434000000|214000000|FI
2016-06-30|USD|362000000|1363000000|1001000000|727000000|362000000|274000000||274000000|0|-40000000||40000000|0|-2512000||62000000|322000000|110000000|40000000|212000000|207000000|362000000|424000000|212000000|FI
2016-03-31|USD|262000000|1331000000|1069000000|734000000|339000000|258000000||335000000|-7000000|-40000000||40000000|0|-538000||60000000|438000000|149000000|40000000|289000000|294000000|478000000|538000000|289000000|FI
2015-12-31|USD|329000000|1368000000|1039000000|763000000|329000000|276000000|92000000|276000000|0|-38000000||39000000|0|3020000||60000000|287000000|98000000|38000000|189000000|190000000|326000000|386000000|189000000|FI
2015-09-30|USD|342000000|1313000000|971000000|713000000|342000000|258000000||258000000|0|-41000000||41000000|0|-4411000||56000000|335000000|117000000|41000000|218000000|209000000|376000000|432000000|218000000|FI
2015-06-30|USD|326000000|1298000000|972000000|710000000|326000000|262000000||262000000|0|-49000000||49000000|-85000000|-1796000||54000000|193000000|66000000|134000000|127000000|132000000|242000000|296000000|127000000|FI
2015-03-31|USD|261000000|1275000000|1014000000|723000000|314000000|238000000||291000000|1000000|-41000000||41000000|0|2620000||53000000|274000000|96000000|41000000|178000000|170000000|315000000|368000000|178000000|FI
2014-12-31|USD|317000000|1316000000|999000000|752000000|317000000|247000000|82000000|247000000|0|-41000000||41000000|0|0||53000000|278000000|97000000|41000000|181000000|175000000|319000000|372000000|181000000|FI
2014-09-30|USD|315000000|1263000000|948000000|705000000|315000000|243000000||243000000|0|-41000000||41000000|0|0||51000000|359000000|120000000|41000000|239000000|231000000|400000000|451000000|239000000|FI
2014-06-30|USD|307000000|1253000000|946000000|703000000|307000000|243000000||284000000|1000000|-41000000||41000000||1000000||48000000|267000000|101000000|41000000|166000000|171000000|308000000|356000000|166000000|FI
2014-03-31|USD|223000000|1234000000|1011000000|721000000|271000000|242000000||331000000||-41000000||41000000||0||48000000|234000000|66000000|41000000|168000000|174000000|275000000|323000000|168000000|FI
2013-12-31|USD|297000000|1263000000|966000000|700000000|297000000|266000000|102000000|266000000||-41000000||40000000||||48000000|331000000|110000000|41000000|220000000|224000000|371000000|419000000|221000000|FI
2013-09-30|USD|280000000|1201000000|921000000|684000000|280000000|237000000||278000000||-41000000||41000000||4289000||48000000|238000000|79000000|41000000|161000000|163000000|279000000|327000000|159000000|FI
2013-06-30|USD|273000000|1198000000|925000000|680000000|273000000|245000000||286000000||-41000000||41000000||3592000||48000000|232000000|81000000|41000000|152000000|146000000|273000000|321000000|151000000|FI
2013-03-31|USD|132000000|1152000000|1020000000|712000000|211000000|229000000||349000000||-41000000||41000000||||49000000|175000000|58000000|41000000|117000000|115000000|216000000|265000000|117000000|FI
2012-12-31|USD|289000000|1145000000|867000000|657000000|287000000|209000000||210000000||-39000000||39000000||1000000||48000000|272000000|93000000|39000000|158000000|180000000|311000000|359000000|179000000|FI
2012-09-30|USD|267000000|1107000000|851000000|644000000|265000000|206000000||255000000||-48000000||48000000||0||49000000|219000000|80000000|48000000|140000000|151000000|267000000|316000000|139000000|FI
2012-06-30|USD|259000000|1087000000|841000000|635000000|257000000|204000000||250000000||-44000000||44000000||6000000||46000000|221000000|60000000|44000000|162000000|150000000|265000000|311000000|161000000|FI
2012-03-31|USD|193000000|1097000000|915000000|661000000|239000000|205000000||254000000||-43000000||43000000||0||48000000|199000000|67000000|43000000|132000000|148000000|242000000|290000000|132000000|FI
2011-12-31|USD|281000000|1161000000|880000000|663000000|281000000|217000000||217000000||-44000000||44000000|0|0||48000000|229000000|86000000|188000000|153000000|144000000|273000000|321000000|143000000|FI
2011-09-30|USD|243000000|1063000000|820000000|631000000|243000000|189000000||213000000||-45000000||45000000|-24000000|0||48000000|182000000|55000000|24000000|127000000|95000000|227000000|275000000|127000000|FI
2011-06-30|USD|251000000|1065000000|814000000|624000000|251000000|190000000||251000000||-49000000||49000000|-61000000|1000000||49000000|139000000|49000000|61000000|97000000|84000000|188000000|237000000|90000000|FI
2011-03-31|USD|221000000|1048000000|827000000|624000000|221000000|203000000||203000000||-50000000||50000000|0|5000000||47000000|176000000|64000000|0|114000000|121000000|226000000|273000000|112000000|FI
2010-12-31|USD|267000000|1078000000|811000000|613000000|267000000|198000000||198000000||||58000000|-26000000|||49000000|193000000|77000000|26000000|119000000|135000000|267000000|316000000|116000000|FI
2010-09-30|USD|251000000|1025000000|774000000|589000000|251000000|185000000||185000000||||49000000||||48000000|205000000|73000000||134000000|139000000|251000000|299000000|132000000|FI
2010-06-30|USD|251000000|1022000000|771000000|586000000|251000000|185000000||185000000||||46000000||||83000000|205000000|78000000||130000000|121000000|251000000|334000000|127000000|FI
2010-03-31|USD|238000000|1008000000|770000000|598000000|238000000|172000000||172000000||||45000000||||84000000|194000000|73000000||123000000|120000000|238000000|322000000|121000000|FI
2009-12-31|USD|256000000|1062000000|806000000|611000000|256000000|195000000||195000000||||59000000||||85000000|197000000|79000000||128000000|138000000|256000000|349000000|118000000|FI
2009-09-30|USD|231000000|992000000|761000000|579000000|231000000|182000000||182000000||||52000000||||79000000|175000000|60000000||124000000|119000000|231000000|310000000|115000000|FI
2009-06-30|USD|232000000|1000000000|800000000|619000000|234000000|176000000||181000000||||55000000||||85000000|208000000|68000000||115000000|153000000|234000000|232000000|140000000|FI
2009-03-31|USD|419000000|1023000000|625000000|625000000|225000000|198000000||201000000||||54000000||||84000000|169000000|66000000||106000000||225000000|302000000|103000000|FI
2008-12-31|USD|421000000|1040000000|640000000|640000000|230000000|198000000||183000000||||||||86000000|115000000|53000000||80000000||230000000|356000000|62000000|FI
2008-09-30|USD|418000000|1038000000|662000000|662000000|217000000|199000000||223000000||||||||88000000|185000000|107000000||75000000||217000000|264000000|78000000|FI
2008-06-30|USD|443000000|1292000000|852000000|852000000|227000000|216000000||219000000||||61000000||||98000000|164000000|64000000||102000000||227000000|322000000|100000000|FI
