fiscalDateEnding|reportedCurrency|grossProfit|totalRevenue|costOfRevenue|costofGoodsAndServicesSold|operatingIncome|sellingGeneralAndAdministrative|researchAndDevelopment|operatingExpenses|investmentIncomeNet|netInterestIncome|interestIncome|interestExpense|nonInterestIncome|otherNonOperatingIncome|depreciation|depreciationAndAmortization|incomeBeforeTax|incomeTaxExpense|interestAndDebtExpense|netIncomeFromContinuingOperations|comprehensiveIncomeNetOfTax|ebit|ebitda|netIncome|ticker
2024-11-02|USD|1693000000|14063000000|12370000000|9622000000|-1055000000|2748000000||2748000000||43000000|63000000|20000000|14063000000||265000000|266000000|1736000000|439000000||1297000000|1282000000|-1055000000|1959000000|1297000000|TJX
2024-08-03|USD|1422000000|13468000000|12046000000|9380000000|-1244000000|2666000000||2666000000||46000000|66000000|20000000|13468000000||264000000|265000000|1468000000|369000000||1099000000|1117000000|-1244000000|1687000000|1099000000|TJX
2024-05-04|USD|1340000000|12479000000|11139000000|8739000000|-1060000000|2400000000||2400000000||50000000|69000000|19000000|12479000000||263000000|264000000|1390000000|320000000||1070000000|1052000000|-1060000000|1604000000|1070000000|TJX
2024-02-03|USD|726000000|16306000000|15580000000|11528000000|-3326000000|3094000000||4052000000||54000000|73000000|54000000|16388000000||251000000|252000000|1843000000|440000000||1403000000|1524000000|-3326000000|2094000000|1403000000|TJX
2023-10-28|USD|1548000000|13265000000|11717000000|9139000000|-1030000000|2578000000||2578000000||41000000|60000000|19000000|13265000000||243000000||1589000000|398000000||1191000000|1089000000|-1030000000||1191000000|TJX
2023-07-29|USD|1289000000|12758000000|11469000000|8910000000|-1270000000|2559000000||2559000000||38000000|38000000|19000000|12758000000||234000000|235000000|1327000000|338000000||989000000|1030000000|-1270000000|1524000000|989000000|TJX
2023-04-29|USD|1171000000|11783000000|10612000000|8374000000|-1067000000|2238000000||2238000000||37000000|37000000|22000000|11783000000||230000000|232000000|1208000000|317000000||891000000|905000000|-1067000000|1403000000|891000000|TJX
2023-01-28|USD|545559000|14629232000|14083673000|10731000000|-2806433000|2473000000||3351992000||23000000|23000000|20000000|14720232000||228000000|230919000|1339000000|301000000|91000000|1038381000|1261000000|-2806433000|1590554000|1038000000|TJX
2022-10-29|USD|1358784000|12166286000|10807502000|8624000000|-826162000|2185000000||2184946000||427000|427000|20000000|12166286000||217000000|218000000|1359000000|296000000|0|1062806000|1002000000|-826162000|1576000000|1063000000|TJX
2022-07-30|USD|1096597000|11843008000|10746411000|8571000000|-1078264000|2175000000||2174861000||-11007000|10000000|11007000|11843008000||216000000|218100000|1086000000|276000000|0|809340000|784000000|-1078264000|1314697000|810000000|TJX
2022-04-30|USD|871060000|11406474000|10535414000|8223000000|-1441141000|2094000000||2312201000||-18800000|18785000|18785000|11406474000||200000000|219605000|852000000|265000000|0|587473000|532000000|-1441141000|1093165000|587000000|TJX
2022-01-29|USD|336752000|13785172000|13448420000|10094703000|-3017153000|2495667000||3353905000||-21053000|21053000|21053000|13908368000||218000000|220392000|1243287000|302898000|123196000|940204000|835525000|-3017153000|1485076000|940389000|TJX
2021-10-30|USD|1399709000|12531890000|11132181000|8835532000|-896940000|2296649000||2296649000||-20674000|20674000|20674000|12531890000||215000000|217049000|1379035000|356035000|0|1023000000|1019485000|-896940000|1616758000|1023000000|TJX
2021-07-31|USD|1082993000|11834815000|10751822000|8528130000|-1140699000|2223692000||2223692000||-28661000|44688000|28661000|11834815000||213000000|215182000|1054332000|268651000|242248000|785681000|789173000|-1140699000|1540423000|785681000|TJX
2021-05-01|USD|766034000|10086661000|9320627000|7255635000|-1298958000|2064992000||2064992000||||45900000|10086661000||212000000|215379000|721346000|187416000||533930000|558817000|-1298958000|981413000|533930000|TJX
2021-01-30|USD|3060635000|10643210000|10933676000|7882760000|3060635000|2193184000||3051101000||-44700000|1200000|47163000|10643210000||209000000|212300000|508345000|182822000|300000000|3060635000|460743000|3060635000|567795000|325523000|TJX
2020-10-31|USD|3055004000|10117289000|9048413000|7062285000|-917252000|1986128000||1986128000||-47163000|47163000|52884000|10117289000||216000000|219000000|1015992000|149336000|0|866656000|846736000|-917252000|1287848000|866656000|TJX
2020-08-01|USD|1493085000|6667575000|6702258000|5174490000|1493085000|1527768000||1527768000||-52884000|57636000|57336000|6667575000||217000000|220040000|-92019000|122201000|0|1493085000|-139837000|1493085000|187082000|-214220000|TJX
2020-05-02|USD|-5577000|4408888000|5728385000|4414465000|-5577000|1313920000||1313920000||||31600000|4408888000||217000000|219460000|-1342848000|-455359000||-5577000|-1011642000|-5577000|-1091837000|-887489000|TJX
2020-02-01|USD|3464657000|12206462000|11735134000|8741805000|3464657000|2135329000||2993329000||-23400000|8200000|3053000|12206462000||217500000|219900000|1326275000|341485000||3464657000|949033000|3464657000|1549242000|984790000|TJX
2019-11-02|USD|3011301000|10451334000|9325956000|7440033000|3011301000|1885923000||1885923000||-3053000|11609000|3259000|10451334000||216300000|219600000|1122119000|293856000||3011301000|903674000|3011301000|1344933000|828263000|TJX
2019-08-03|USD|2755539000|9781596000|8757392000|7026057000|2755539000|1731335000||1731335000||-3259000|11623000|2897000|9781596000||214500000|215600000|1021307000|262345000||2755539000|679419000|2755539000|1239837000|758962000|TJX
2019-05-04|USD|2639700000|9277585000|8340286000|6637885000|2639700000|1702401000||1702401000||||817000|9277585000||209700000|212200000|936482000|236304000||2639700000|697217000|2639700000|1149500000|700178000|TJX
2019-02-02|USD|3093700000|11127340000|10769167000|8033640000|1325967000|1916627000||2720953000||||1505000|11127340000||217400000|216700000|1178578000|337040000||3093700000|803064000|1325967000|1395501000|841538000|TJX
2018-11-03|USD|2842276000|9825759000|8776053000|6983483000|1213603000|1756448000||1792570000||||3188000|9825759000||203600000|204900000|1046518000|284265000||2842276000|768804000|1213603000|1290740000|762253000|TJX
2018-08-04|USD|2695300000|9331115000|8335529000|6635815000|1159831000|1699714000||1699714000||||3029000|9331115000||204200000|204000000|992557000|252931000||2695300000|696758000|1159831000|1199606000|739626000|TJX
2018-05-05|USD|2510481000|8688720000|7729014000|6178239000|1063826000|1550775000||1552519000||||4148000|8688720000||193700000|192300000|955558000|239177000||2510481000|602710000|1063826000|1152001000|716381000|TJX
2018-02-03|USD|3111320000|10960720000|28224218000|7849400000|1320324000|1895601000||2722051000||||4089000|10960720000||193200000|193600000|1112380000|235104000||3111320000|1038336000|1320324000|1409252000|877276000|TJX
2017-10-28|USD|2612200000|8762220000|1584219000|6150020000|1123465000|1584219000||1584219000||||7981000|8762220000||186900000|184300000|1020000000|378564000||641436000|599247000|1123465000|1212275000|641436000|TJX
2017-07-29|USD|2385025000|8357700000|1483648000|5972675000|1010422000|1483648000||1483648000||||9677000|8357700000||174500000|175600000|891700000|338743000||552957000|687661000|1010422000|1077022000|552957000|TJX
2017-04-29|USD|2253952000|7784024000|1411603000|5530072000|948997000|1411603000||1411603000||||9841000|-1059000||172600000|172500000|832508000|296229000||536279000|535071000|948997000|1014834000|536279000|TJX
2017-01-28|USD|2680870000|9467647000|31173000|6786777000|1220536000|1577595000||31173000||||9616000|-4900000||180000000|166400000|1093659000|415731000||2680870000|785259000|1220536000|1269676000|677928000|TJX
2016-10-29|USD|2447815000|8239915000|1462574000|5843873000|1083143000|1462574000||1462574000||||12462000|-51773000|-51773000|162800000|167600000|889833000|340047000||549786000|407909000|1083143000|1152869000|549786000|TJX
2016-07-30|USD|2319092000|7882053000|1393248000|5562961000|1035194000|1393248000||1393248000||||11262000|||161700000|167800000|914582000|352408000||562174000|438907000|1035194000|1093597000|562174000|TJX
2016-04-30|USD|2170213000|7542356000|1335050000|5372143000|918886000|1335050000||1335050000||||10194000|||160000000|157000000|824969000|316623000||508346000|639406000|918886000|992163000|508346000|TJX
2016-01-30|USD|2573883000|8962075000|2119119000|6388192000|1215643000|1497119000||2119119000||||10963000|||169000000|163000000|1065801000|399335000||2573883000|544169000|1215643000|1239764000|666466000|TJX
2015-10-31|USD|2246596000|7753495000|1292401000|5506899000|1041335000|1292401000||1292401000||||13005000||||155200000|941190000|353934000||587256000|579028000|1041335000|1109395000|587256000|TJX
2015-08-01|USD|2144540000|7363731000|5219191000|5219191000|998236000|1247538000||1247538000||||10808000||||150000000|886194000|336859000||2144540000|519782000|998236000|1047002000|549335000|TJX
2015-05-02|USD|1945396000|6865637000|4920241000|4920241000|845129000|1168657000||1168657000||||11624000||||148500000|765115000|290514000||1945396000|521592000|845129000|925239000|474601000|TJX
2015-01-31|USD|2344916000|8303953000|5959037000|5959037000|1146821000|1306279000||1901879000||||9002000|25100000|||150800000|1029635000|381405000|64783000|2344916000|338316000|1146821000|1189450000|648230000|TJX
2014-11-01|USD|2162437000|7366066000|5203629000|5203629000|1049644000|1193297000||1193297000||||10040000|0|||146500000|959100000|364143000||2162437000|517981000|1049644000|1115640000|594957000|TJX
2014-08-02|USD|1981356000|6917212000|4935856000|4935856000|930887000|1122758000||1122758000||||11150000|-16830000|-16830000||147500000|830618000|312994000||1981356000|511952000|930887000|1006098000|517624000|TJX
2014-05-03|USD|1813176000|6491176000|4678000000|4678000000|803563000|1073050000||1073050000||||9595000||||144200000|730531000|276214000||1813176000|492026000|803563000|884326000|454317000|TJX
2014-02-01|USD|2158487000|7808787000|5650300000|5650300000|1020523000|1215192000||1770992000||||7509000||||136900000|935786000|353494000||2158487000|611527000|1020523000|1080195000|582292000|TJX
2013-11-02|USD|2047411000|6981876000|4934465000|4934465000|985041000|1158668000||1158668000||||9371000||||145900000|879372000|256717000||2127411000|653991000|985041000|1034643000|622655000|TJX
2013-08-03|USD|1855685000|6442424000|4586739000|4586739000|1855685000|1074320000||1074320000||||8919000||||135500000|772446000|292887000||1855685000|448704000|1855685000|919712000|479559000|TJX
2013-05-04|USD|1756076000|6189609000|4433533000|4433533000|1756076000|1018909000||1008309000||||5282000||||130500000|731885000|278995000||1756076000|437034000|1756076000|870780000|452890000|TJX
2013-02-02|USD|2209288000|7723814000|5514526000|5514526000|-8691190000|1239524000||2974406000||||5077000||||136500000|964687000|359843000||2209288000|-745477000|-8691190000|1109846000|604844000|TJX
2012-10-27|USD|1844840000|6410913000|4566073000|4566073000|4230349000|1090282000||1090282000||||6089000||||125900000|748469000|286918000||461551000|957169000|4230349000|882944000|461551000|TJX
2012-07-28|USD|1670486000|5945559000|4275073000|4275073000|3988531000|978514000||978514000||||12074000||||125900000|682790000|261698000||421092000|796498000|3988531000|820687000|421092000|TJX
2012-04-28|USD|1632358000|5798086000|4165728000|4165728000|3913834000|942126000||942126000||||11592000||||120600000|681405000|262205000||419200000|877680000|3913834000|813635000|419200000|TJX
2012-01-28|USD|1825389000|6709758000|4884369000|4884369000|-10833492000|1057739000||2683615000||||11998000||||128800000|758579000|283265000||475314000|475314000|-10833492000|899335000|475314000|TJX
2011-10-29|USD|1626541000|5793128000|4166587000|4166587000|3884652000|954238000||954238000||||11905000||||120500000|663752000|257265000||406487000|366996000|3884652000|796158000|406487000|TJX
2011-07-30|USD|1492239000|5468274000|3976035000|3976035000|3620888000|923693000||923693000||||9109000||||120200000|559437000|211099000||348338000|681003000|3620888000|690969000|348338000|TJX
2011-04-30|USD|1393037000|5220295000|3827258000|3827258000|3311347000|954474000||954474000||||11462000||||116200000|429646000|163695000||265951000|592857000|3311347000|557336000|265951000|TJX
2011-01-29|USD|1665553000|6331726000|4666173000|4666173000|-10424226000|1122081000||2202495000||||12371000||||116983000|537938000|203524000||330803000|334414000|-10424226000|663681000|334414000|TJX
2010-10-30|USD|1519443000|5525847000|4006404000|4006000000|3700231000|912808000||912808000||||12505000||||113900000|597117000|224808000||372309000|775857000|3700231000|723460000|372309000|TJX
2010-07-31|USD|1348870000|5068080000|3719210000|3719210000|3360478000|853801000||853801000||||10272000||||113600000|496347000|191363000||304984000|614533000|3360478000|622134000|304984000|TJX
2010-05-01|USD|1367866000|5016540000|3648674000|3648674000|1367866000|821363000||821363000||||10202000||||113600000|536301000|204867000||331434000|331434000|1367866000|661883000|331434000|TJX
2010-01-30|USD|1583144000|5941746000|4358602000|4358602000|1583144000|938914000||938914000||||20763000||||116278000|633236000|238238000||1583144000|394998000|1583144000|770277000|394998000|TJX
2009-10-31|USD|1442767000|5244946000|3802179000|3802179000|3516752000|864097000||864097000||||12665000||||109500000|566005000|218206000||347799000|347799000|3516752000|690081000|347799000|TJX
2009-08-01|USD|1213226000|4747528000|3534302000|3534302000|3165776000|790876000||790876000||||9249000||||105273000|413101000|151540000||261561000|596165000|3165776000|422350000|261561000|TJX
