fiscalDateEnding|reportedCurrency|grossProfit|totalRevenue|costOfRevenue|costofGoodsAndServicesSold|operatingIncome|sellingGeneralAndAdministrative|researchAndDevelopment|operatingExpenses|investmentIncomeNet|netInterestIncome|interestIncome|interestExpense|nonInterestIncome|otherNonOperatingIncome|depreciation|depreciationAndAmortization|incomeBeforeTax|incomeTaxExpense|interestAndDebtExpense|netIncomeFromContinuingOperations|comprehensiveIncomeNetOfTax|ebit|ebitda|netIncome|ticker
2024-09-30|USD|3808000000|6259000000|2464000000|1536000000|3152000000|25000000||38000000||-267000000||267000000|6259000000|||38000000|3026000000|733000000||2293000000|1959000000|3152000000|3190000000|2293000000|MO
2024-06-30|USD|3675000000|6209000000|2900000000|1602000000|2533000000|25000000|53000000|391000000||-261000000||261000000|6209000000|||37000000|5116000000|1313000000||3803000000|3786000000|2533000000|2570000000|3803000000|MO
2024-03-31|USD|3280000000|5322000000|2299000000|1437000000|2674000000|24000000|220000000|27000000||-254000000||254000000|5576000000|||27000000|2739000000|610000000||2129000000|2536000000|2674000000|2701000000|2129000000|MO
2023-12-31|USD|3499000000|5744000000|1934000000|1525000000|2796000000|167000000|220000000|-290000000||-231000000||231000000|5975000000|||41000000|2735000000|675000000||2060000000|1858000000|2796000000|2837000000|2060000000|MO
2023-09-30|USD|3699000000|6009000000|2654000000|1578000000|3089000000|63000000||105000000||-272000000|214000000|272000000|6281000000|||42000000|2908000000|742000000||2166000000|2404000000|3089000000|3131000000|2166000000|MO
2023-06-30|USD|3757000000|6251000000|3100000000|1681000000|2905000000|353000000||380000000||-257000000|130000000|257000000|6508000000|||27000000|2806000000|689000000||2117000000|2187000000|2905000000|2932000000|2117000000|MO
2023-03-31|USD|3329000000|5490000000|2512000000|1434000000|2757000000|135000000||153000000||-229000000|309000000|229000000|5719000000|||18000000|2479000000|692000000||1787000000|1779000000|2757000000|2775000000|1787000000|MO
2022-12-31|USD|3510000000|5885000000|-2027000000|1573000000|2818000000|443000000|162000000|-11000000||-226000000|161000000|296000000|6111000000|||19000000|2704000000|14000000|1128000000|2690000000|2302000000|2818000000|2837000000|2690000000|MO
2022-09-30|USD|3697000000|6279000000|2906000000|1715000000|3112000000|78000000||97000000||-271000000|2649000000|271000000|6550000000|||19000000|407000000|183000000|0|224000000|218000000|3112000000|3131000000|224000000|MO
2022-06-30|USD|3666000000|6263000000|2830000000|1708000000|3105000000|54000000||72000000||-280000000|388000000|280000000|6543000000|-4000000||18000000|1605000000|714000000|0|891000000|1476000000|3105000000|3123000000|891000000|MO
2022-03-31|USD|3373000000|5611000000|2473000000|1446000000|2884000000|60000000||77000000||-281000000|147000000|281000000|5892000000|-10000000||17000000|2673000000|714000000|0|1959000000|2053000000|2884000000|2901000000|1959000000|MO
2021-12-31|USD|3315000000|5962000000|-1939000000|1771000000|2733000000|90000000|145000000|-90000000||-293000000|520000000|319000000|6255000000|-20000000||19000000|2280000000|656000000|1188000000|90000000|1998000000|2733000000|2752000000|1624000000|MO
2021-09-30|USD|3673000000|6520000000|3050000000|1858000000|2951000000|135000000||153000000||-266000000|6181000000|266000000|6786000000|-135000000||18000000|-3304000000|-582000000|0|-2720000000|-2550000000|2951000000|2969000000|-2722000000|MO
2021-06-30|USD|3732000000|6641000000|3158000000|1882000000|3186000000|546000000||546000000||-295000000|220000000|295000000|6936000000|-103000000||65000000|2908000000|759000000|0|2150000000|2321000000|3186000000|3354000000|2149000000|MO
2021-03-31|USD|3272000000|5079000000|2721000000|1608000000|2690000000|539000000||582000000||-308000000|220000000|308000000|5387000000|-539000000||63000000|1940000000|516000000|649000000|1421000000|1991000000|2690000000|2847000000|1424000000|MO
2020-12-31|USD|3146000000|6304000000|3249000000|1909000000|2581000000|77000000|131000000|241000000||-316000000|120000000|316000000|6304000000|368000000||18000000|2543000000|619000000|1223000000|3237000000|1364000000|2581000000|2529000000|1924000000|MO
2020-09-30|USD|3717000000|6813000000|3404000000|1961000000|3160000000|60000000||1000000||-310000000|782000000|310000000|7123000000|-577000000||17000000|-320000000|632000000|0|-956000000|-959000000|3160000000|5882000000|-952000000|MO
2020-06-30|USD|3287000000|6059000000|1749000000|1775000000|2796000000|45000000||2000000||-308000000|298000000|308000000|6367000000|49000000||18000000|2570000000|627000000|0|1938000000|702000000|2796000000|2774000000|1943000000|MO
2020-03-31|USD|2873000000|6084000000|2538000000|2173000000|2336000000|537000000||392000000||-275000000|113000000|275000000|6359000000|20000000||65000000|2110000000|558000000|0|1550000000|1883000000|2336000000|2585000000|1552000000|MO
2019-12-31|USD|3084000000|6007000000|1961000000|1718000000|2427000000|45000000|168000000|408000000||-291000000|559000000|291000000|6007000000|||16000000|-1218000000|591000000||3084000000|-2271000000|2427000000|2443000000|-1809000000|MO
2019-09-30|USD|3497000000|6563000000|1903000000|1915000000|2944000000|552000000||12000000||-293000000|46000000|293000000|6856000000|-303000000||12000000|-2126000000|474000000||-2602000000|-2356000000|2944000000|2956000000|-2600000000|MO
2019-06-30|USD|3319000000|6307000000|1859000000|1874000000|2717000000|569000000||45000000||-312000000|138000000|312000000|6619000000|181000000||53000000|2600000000|604000000||1997000000|2067000000|2717000000|3102000000|1996000000|MO
2019-03-31|USD|2811000000|5244000000|1626000000|1578000000|2238000000|525000000||49000000||-384000000||384000000|5628000000|-339000000||8000000|1515000000|395000000||1121000000|950000000|2238000000|2373000000|1120000000|MO
2018-12-31|USD|2922000000|6114000000|2583000000|1864000000|1744000000|789000000|252000000|968000000||-162000000||162000000|6114000000|131000000||8000000|1709000000|459000000||2922000000|1145000000|1744000000|1752000000|1250000000|MO
2018-09-30|USD|3255000000|6678000000|2013000000|2037000000|2557000000|700000000||-3000000||-159000000||159000000|6837000000|189000000||20000000|2607000000|664000000||1944000000|1561000000|2557000000|2577000000|1943000000|MO
2018-06-30|USD|3141000000|6127000000|1735000000|1738000000|2498000000|641000000||6000000||-178000000||178000000|6305000000|228000000||51000000|2556000000|680000000||1877000000|2151000000|2498000000|2553000000|1876000000|MO
2018-03-31|USD|2936000000|5942000000|3175000000|1734000000|2316000000|613000000||3000000||-166000000||166000000|6108000000|342000000||5000000|2465000000|571000000||1895000000|1864000000|2316000000|2672000000|1894000000|MO
2017-12-31|USD|2902000000|6101000000|81000000|1812000000|2237000000|698000000|241000000|81000000||-180000000||211000000|6101000000|200000000||54000000|2181000000|-2785000000|727000000|2870000000|5015000000|2237000000|3210000000|4966000000|MO
2017-09-30|USD|3171000000|6560000000|3561000000|1952000000|2589000000|568000000||15000000||-169000000||169000000|0|169000000||51000000|2643000000|777000000|0|1867000000|1758000000|2589000000|2637000000|1866000000|MO
2017-06-30|USD|3114000000|6486000000|3573000000|1954000000|2528000000|563000000||-1171000000||-177000000||177000000|6663000000|140000000||5000000|2909000000|920000000||1990000000|2363000000|2528000000|2696000000|1989000000|MO
2017-03-31|USD|2776000000|5904000000|3331000000|1813000000|2239000000|528000000||27000000||-179000000||179000000|0|23000000||52000000|2090000000|689000000||1402000000|1241000000|2239000000|2307000000|1401000000|MO
2016-12-31|USD|2828000000|6252000000|3848000000|-2964000000|1992000000|773000000|203000000|503000000||-176000000||189000000|0|||55000000|15706000000|5430000000|0|2828000000|11502000000|1992000000|2171000000|10276000000|MO
2016-09-30|USD|3150000000|5951000000|3755000000|3755000000|2382000000|766000000||6000000||-179000000||179000000|-775000000|-476000000||51000000|1726000000|633000000|823000000|1094000000|1155000000|2382000000|3212000000|1093000000|MO
2016-06-30|USD|2957000000|6446000000|3564000000|3564000000|2410000000|0||-1198000000||-192000000||192000000|117000000|316000000||49000000|2533000000|880000000|0|1654000000|1640000000|2410000000|2344000000|1653000000|MO
2016-03-31|USD|2656000000|5906000000|3410000000|3410000000|1977000000|20000000||-1058000000||-200000000||200000000|40000000|106000000||49000000|1882000000|665000000|0|1218000000|1170000000|1977000000|2226000000|1217000000|MO
2015-12-31|USD|2722000000|6318000000|3775000000|3596000000|1965000000|752000000|186000000|294000000||-208000000||208000000|0|5000000||5000000|1972000000|725000000|0|2703000000|1124000000|1965000000|2186000000|1247000000|MO
2015-09-30|USD|3046000000|6494000000|3653000000|3653000000|2307000000|733000000||0||-205000000||205000000|0|0||50000000|2289000000|761000000|0|1528000000|1249000000|2307000000|2357000000|1528000000|MO
2015-06-30|USD|2871000000|6418000000|3746000000|3742000000|2224000000|638000000||4000000||-195000000||195000000|0|0||51000000|2253000000|805000000|0|1449000000|1515000000|2224000000|2283000000|1448000000|MO
2015-03-31|USD|2475000000|5367000000|3329000000|3329000000|1865000000|605000000||0||-209000000||209000000|-228000000|0||49000000|1562000000|544000000|228000000|1018000000|755000000|1865000000|2142000000|1018000000|MO
2014-12-31|USD|2627000000|6214000000|3815000000|3631000000|1912000000|713000000|167000000|351000000||-212000000||212000000|-44000000|||5000000|1909000000|673000000|44000000|2622000000|8000000|1912000000|2170000000|1236000000|MO
2014-09-30|USD|2674000000|6278000000|3824000000|3817000000|1999000000|658000000||7000000||-213000000||213000000|0|||5000000|2114000000|717000000|0|1397000000|1172000000|1999000000|2339000000|1397000000|MO
2014-06-30|USD|2603000000|6026000000|3643000000|3653000000|1975000000|1685000000||-10000000||-230000000||230000000|0|200000000||50000000|1945000000|683000000|0|1262000000|1351000000|1975000000|2215000000|1262000000|MO
2014-03-31|USD|2256000000|5364000000|3263000000|3261000000|1734000000|515000000||2000000||-153000000||153000000|0|225000000||5000000|1806000000|631000000|0|1175000000|1235000000|1734000000|1966000000|1175000000|MO
2013-12-31|USD|2408000000|4996000000|3743000000|3672000000|1799000000|597000000|153000000|1084000000||-255000000||255000000|-1084000000|||5000000|713000000|225000000|1084000000|2408000000|1333000000|1799000000|2067000000|488000000|MO
2013-09-30|USD|2821000000|6284000000|3737000000|3732000000|2132000000|684000000||5000000||-269000000||269000000|0|||5000000|2118000000|722000000|0|1396000000|1503000000|2132000000|2184000000|1396000000|MO
2013-06-30|USD|2554000000|6041000000|3757000000|3751000000|2001000000|547000000||6000000||-264000000||264000000|0|227000000||5000000|1964000000|698000000|0|1266000000|1004000000|2001000000|2234000000|1266000000|MO
2013-03-31|USD|2674000000|5267000000|2859000000|2854000000|2152000000|1555000000||5000000||-261000000||261000000|0|256000000||5000000|2147000000|762000000|0|1385000000|1357000000|2152000000|2462000000|1385000000|MO
2012-12-31|USD|2383000000|6242000000|16000000|3859000000|1765000000|603000000|136000000|16000000||-258000000||258000000|0|||5000000|1756000000|653000000|0|2367000000|667000000|1765000000|2035000000|1103000000|MO
2012-09-30|USD|2484000000|5086000000|3773000000|3758000000|1969000000|548000000||889000000||-282000000||282000000|-874000000|-874000000||5000000|1043000000|386000000|874000000|657000000|727000000|1969000000|2166000000|657000000|MO
2012-06-30|USD|2494000000|6194000000|4014000000|3993000000|1877000000|596000000||21000000||-293000000||293000000|0|223000000||5000000|1806000000|581000000|0|1226000000|2461000000|1877000000|2121000000|1225000000|MO
2012-03-31|USD|2202000000|5354000000|3471000000|3445000000|1642000000|534000000||26000000||-293000000||293000000|0|178000000||5000000|1869000000|674000000|0|973000000|2148000000|1642000000|1740000000|1195000000|MO
2011-12-31|USD|2374000000|6069000000|219000000|3755000000|1356000000|790000000|128000000|219000000||-351000000||629000000|0|178000000||4000000|1182000000|346000000|1220000000|2155000000|534000000|1356000000|2399000000|836000000|MO
2011-09-30|USD|2445000000|5815000000|3668000000|3663000000|1878000000|581000000||5000000||-293000000||293000000|0|208000000||5000000|1792000000|619000000|0|1174000000|2164000000|1878000000|1903000000|1173000000|MO
2011-06-30|USD|1972000000|5626000000|3954000000|3948000000|1295000000|671000000||6000000||-294000000||294000000||155000000||5000000|1156000000|712000000||444000000|1000000000|1295000000|1302000000|444000000|MO
2011-03-31|USD|2148000000|5643000000|3503000000|3495000000|1539000000|601000000||8000000||-278000000||278000000||189000000||6000000|1449000000|512000000||1216000000|1967000000|1539000000|1549000000|937000000|MO
2010-12-31|USD|2254000000|5927000000|5000000|3673000000|1493000000|752000000|144000000|5000000||-277000000||280000000||191000000||4000000|1406000000|487000000||62000000|919000000|1493000000|1760000000|919000000|MO
2010-09-30|USD|2476000000|6402000000|3935000000|3926000000|1776000000|691000000||9000000||-279000000||279000000||186000000||6000000|1683000000|552000000||1410000000|1131000000|1776000000|1788000000|1131000000|MO
2010-06-30|USD|2374000000|6274000000|3925000000|3900000000|1529000000|651000000||25000000||-290000000||290000000||113000000||4000000|1351000000|309000000||1333000000|1042000000|1529000000|1666000000|1042000000|MO
2010-03-31|USD|2084000000|5760000000|3605000000|3676000000|1430000000|641000000||-71000000||-287000000||287000000||138000000||6000000|1281000000|468000000||1100000000|1696000000|1430000000|1574000000|813000000|MO
2009-12-31|USD|2051000000|6014000000|122000000|3963000000|1200000000|426000000|177000000|122000000||||287000000||||4000000|1074000000|349000000||725000000|725000000|1200000000|1435000000|725000000|MO
2009-09-30|USD|2285000000|6300000000|4155000000|4015000000|1394000000|717000000||140000000||||279000000||119000000||7000000|1234000000|352000000||882000000|882000000|1394000000|3383000000|882000000|MO
2009-06-30|USD|2456000000|6719000000|4304000000|4263000000|1677000000|739000000||41000000||||287000000||217000000||3000000|1606000000|596000000||2308000000|1010000000|1677000000|3805000000|1010000000|MO
2009-03-31|USD|2042000000|3812000000|1770000000|1770000000|1191000000|717000000||851000000||||336000000||||78000000|961000000|372000000||||1191000000|1269000000|589000000|MO
2008-12-31|USD|1848000000|1255000000|1985000000|1985000000|998000000|693000000|232000000|805000000||||237000000||||53000000|981000000|302000000||||998000000|-1228000000|679000000|MO
2008-09-30|USD|2111000000|5238000000|2230000000|2230000000|1329000000|763000000||712000000||||25000000||||52000000|1358000000|491000000||867000000||1329000000|2365000000|867000000|MO
2008-06-30|USD|2011000000|5054000000|3043000000|3043000000|1342000000|649000000||594000000||||18000000||||51000000|1471000000|541000000||||1342000000|1487000000|930000000|MO
