fiscalDateEnding|reportedCurrency|grossProfit|totalRevenue|costOfRevenue|costofGoodsAndServicesSold|operatingIncome|sellingGeneralAndAdministrative|researchAndDevelopment|operatingExpenses|investmentIncomeNet|netInterestIncome|interestIncome|interestExpense|nonInterestIncome|otherNonOperatingIncome|depreciation|depreciationAndAmortization|incomeBeforeTax|incomeTaxExpense|interestAndDebtExpense|netIncomeFromContinuingOperations|comprehensiveIncomeNetOfTax|ebit|ebitda|netIncome|ticker
2024-11-24|USD|563900000|2895100000|1119700000|926800000|292100000|192900000||192900000||-46200000|||2895100000|||127700000|245300000|30200000||215700000|218000000|292100000|419800000|215100000|DRI
2024-08-25|USD|518100000|2759500000|1060400000|889300000|269200000|171100000||171100000||-37100000|||2759500000|||121500000|231700000|24500000||207600000|207500000|269200000|391600000|207200000|DRI
2024-05-26|USD|619400000|2958800000|1114300000|926000000|395400000|140200000||191300000||-35400000||35400000|2954300000|||119700000|358100000|50000000||310000000|304000000|395400000|510400000|308100000|DRI
2024-02-25|USD|613900000|2974800000|1077000000|937100000|387400000|139900000||139900000||-36500000||36500000|2974800000|||117900000|350400000|37500000||313400000|315200000|387400000|505700000|312900000|DRI
2023-11-26|USD|513300000|2727300000|1032600000|880900000|278500000|151700000||151700000||-37100000||37500000|2727300000|||112500000|241200000|29100000||212300000|223500000|278500000|398500000|212100000|DRI
2023-08-27|USD|519100000|2730500000|1067500000|875300000|252900000|191900000||192200000||-29700000|29700000|29700000|2730500000|||109800000|222900000|28400000||194800000|207300000|252900000|368900000|194500000|DRI
2023-05-28|USD|573800000|2734100000|1041000000|869800000|374500000|129100000||173400000||-22100000|22100000|500000|2776500000|||100700000|351900000|36800000||315600000|318200000|374500000|475200000|315100000|DRI
2023-02-26|USD|556500000|2785100000|1010900000|874200000|349900000|135200000||136700000||-19600000|19600000|22400000|2785100000|||100900000|330100000|43500000||286800000|280700000|349900000|450800000|286600000|DRI
2022-11-27|USD|411600000|2497300000|930000000|808500000|233200000|121500000||121500000||-19800000|19800000|2500000|2497300000|||79200000|213100000|25900000||187500000|192800000|233200000|312400000|187200000|DRI
2022-08-28|USD|423200000|2445000000|912400000|793800000|244200000|118600000||118600000||-19800000|19800000|19800000|2445000000|||85800000|223800000|30800000||193600000|195300000|244200000|330000000|193000000|DRI
2022-05-29|USD|518200000|2553900000|970100000|829300000|338200000|104400000||142900000||-18900000|18900000|18900000|2592900000|700000||93000000|319300000|37600000||281700000|277800000|338200000|440600000|281700000|DRI
2022-02-27|USD|474600000|2451500000|909000000|798700000|300800000|110300000||110300000||-17500000|17500000|17500000|2451500000|-200000||86700000|282400000|35400000||247900000|248400000|300800000|387700000|247000000|DRI
2021-11-28|USD|426400000|2268700000|858100000|744800000|242600000|113300000||113300000||-16700000|16700000|16700000|2268700000|-300000||92100000|225700000|32500000||193400000|188000000|242600000|335000000|193200000|DRI
2021-08-29|USD|482600000|2311200000|872700000|736000000|280600000|136700000||136700000||-15600000|15600000|15600000|2311200000|-200000||89000000|264200000|33300000||231700000|232500000|280600000|369800000|230900000|DRI
2021-05-30|USD|515100000|2235400000|832100000|690700000|323400000|121700000||144000000||-17100000|17100000|17100000|2281200000|-300000||89100000|305500000|-63000000||369000000|372000000|323400000|422900000|368500000|DRI
2021-02-28|USD|318200000|1746600000|657500000|559400000|148000000|98100000||98100000||-15200000|15200000|15200000|1746600000|-500000||88200000|131800000|3100000||129200000|136500000|148000000|242400000|128700000|DRI
2020-11-29|USD|296600000|1667100000|644200000|535500000|120700000|108700000||108700000||-14600000|14600000|14600000|1667100000|-400000||86000000|104800000|8800000||96900000|101400000|120700000|206700000|96000000|DRI
2020-08-30|USD|272500000|1532000000|705600000|500700000|56600000|157100000||204900000||-16600000|16600000|16600000|1532000000|-7500000||87600000|31300000|-4800000||37300000|41200000|56600000|144200000|36100000|DRI
2020-05-31|USD|-20900000|1270100000|390000000|532700000|-592100000|118200000||390000000||-37800000|19900000|37800000|1270100000|1700000||2800000|-610600000|-130600000|37800000|-479700000|-497200000|-592100000|-570000000|-480000000|DRI
2020-02-23|USD|466400000|2344700000|929300000|753800000|278300000|171900000||175500000||-4200000|13200000|4200000|2348900000|0||2500000|264100000|31800000|4200000|233300000|232400000|278300000|270800000|232300000|DRI
2019-11-24|USD|339200000|2051200000|853700000|692300000|160200000|157600000||161400000||-4000000|13100000|4000000|2055200000|-153300000||2100000|-6900000|-31600000|4000000|25400000|125200000|160200000|-800000|24700000|DRI
2019-08-25|USD|385700000|2131500000|873400000|703800000|201500000|166700000||169600000||-3300000|11100000|3300000|2134800000|0||1500000|189200000|18600000|3300000|171800000|167800000|201500000|194000000|170600000|DRI
2019-05-26|USD|435400000|2229100000|904200000|718000000|229800000|171500000||189800000||-11900000|11900000|11900000|2229100000|0||87900000|217200000|9200000|44300000|208700000|190800000|229800000|346900000|208000000|DRI
2019-02-24|USD|455200000|2248000000|878700000|711400000|265500000|165200000||167300000||-12400000||12400000|2248000000|0||85300000|251600000|28000000||225100000|221300000|265500000|354000000|223600000|DRI
2018-11-25|USD|328700000|1973500000|818100000|662400000|148100000|153100000||155700000||||12800000|1973500000|0||82800000|135000000|19400000||115900000|113300000|148100000|236300000|115600000|DRI
2018-08-26|USD|374400000|2078800000|850400000|679300000|189100000|171000000||171100000||||13100000|2078800000|||80700000|173300000|7100000|102200000|168900000|175000000|189100000|270000000|166200000|DRI
2018-05-27|USD|416300000|2134100000|19900000|-2071700000|230000000|172100000||19900000||||13200000|2134100000|||79000000|215900000|41400000|152400000|175400000|169700000|230000000|318000000|174500000|DRI
2018-02-25|USD|422400000|2035000000|1816100000|1647100000|233400000|169000000||169000000||||117400000|-93400000|||79200000|115300000|-102500000|102200000|218500000|205600000|233400000|312000000|217800000|DRI
2017-11-26|USD|306600000|1880700000|1673800000|1516800000|128900000|157000000||157000000||||15500000|-800000|||78800000|109500000|24800000||88600000|82600000|128900000|207700000|84700000|DRI
2017-08-27|USD|347800000|1935000000|1686300000|1522300000|174500000|164000000||164000000||||15000000|-1100000|||76100000|157200000|38200000||121300000|115800000|174500000|249000000|119000000|DRI
2017-05-28|USD|373900000|1934600000|19900000|1496400000|170200000|197600000||19900000||||11500000|1934600000|||70400000|157100000|33300000|34400000|125400000|144900000|170200000|240600000|123800000|DRI
2017-02-26|USD|383900000|1879900000|1582000000|1440200000|229500000|141800000||141800000||||9300000|1200000|-700000||67900000|219500000|53900000|0|166300000|164900000|229500000|296000000|165600000|DRI
2016-11-27|USD|263900000|1650000000|1458100000|1321500000|116500000|136600000||136600000||||9500000|7500000|100000||67800000|106800000|27300000||79700000|85600000|116500000|184500000|79500000|DRI
2016-08-28|USD|308000000|1711300000|1486300000|1342700000|161300000|151400000||143600000||||9900000|-3100000|-7800000||66800000|150500000|40300000||111100000|107800000|161300000|212500000|110200000|DRI
2016-05-29|USD|344500000|1796500000|1538300000|1382300000|185100000|154100000||161500000||||9700000|6300000|||66800000|174600000|35000000||140400000|174600000|185100000|255700000|139600000|DRI
2016-02-28|USD|381300000|1787600000|1559400000|1415500000|221200000|145900000||143900000||||83100000|-59900000|||67000000|135700000|29900000||108200000|107500000|221200000|284000000|105800000|DRI
2015-11-29|USD|266600000|1612800000|1451900000|1283900000|81700000|160200000||168000000||||57300000|4000000|||75300000|37500000|-5700000||30100000|63400000|81700000|172400000|43200000|DRI
2015-08-30|USD|310700000|1692500000|1471700000|1310700000|134200000|162700000||161000000||||22400000|5500000|||81100000|117200000|30800000||81000000|87800000|134200000|211900000|86400000|DRI
2015-05-31|USD|365900000|1878300000|1684800000|1446900000|150500000|188900000||244000000||||24000000|-1100000|||80900000|113700000|8400000|186200000|118100000|113700000|150500000|261400000|105300000|DRI
2015-02-22|USD|337200000|1736500000|1480900000|1342300000|170400000|134200000||138600000||||23300000|5600000|||79600000|152500000|18700000||128400000|135800000|170400000|258800000|133800000|DRI
2014-11-23|USD|227400000|1565400000|1499800000|1269700000|-20900000|190400000||230100000||||33700000|6400000|||80100000|-56600000|-23800000||-30800000|-10100000|-20900000|138600000|-32800000|DRI
2014-08-24|USD|248700000|1511500000|1449500000|1282600000|67600000|160000000||168800000||||111300000|-84300000|||78700000|478800000|-24400000||-19300000|528800000|67600000|160100000|503200000|DRI
2014-05-25|USD|415100000|1650100000|-115700000|1316100000|5894600000|169200000|13500000|21200000||||35600000|3100000|||-17500000|72000000|-14500000||48400000|72000000|5894600000|177400000|86500000|DRI
2014-02-23|USD|261000000|2231400000|1970400000|1265800000|-1850800000|154200000||211200000||||33100000|-1700000|||108500000|112200000|2500000||86600000|219300000|-1850800000|262900000|109700000|DRI
2013-11-24|USD|153900000|2056800000|1902900000|1200500000|-1877900000|174700000||225900000||||32900000|6900000|||107600000|15600000|-4200000||6000000|46100000|-1877900000|158700000|19800000|DRI
2013-08-25|USD|219200000|2151700000|1932500000|1208100000|-1850600000|165600000||238000000||||32700000|-6800000|||105800000|77800000|7600000||42200000|138800000|-1850600000|227200000|70200000|DRI
2013-05-26|USD|340700000|2299000000|2007600000|-254200000|5567800000|-8700000|6300000|296600000||||33200000|-2000000|||3700000|86600000|-46600000||78500000|133200000|193000000|295000000|133200000|DRI
2013-02-24|USD|306100000|2258200000|1952100000|1752300000|-1778900000|199800000||207100000||||31900000|-7600000|||3800000|173100000|38700000||88000000|266200000|205100000|306100000|134400000|DRI
2012-11-25|USD|175200000|1960000000|1784800000|1568700000|-1741700000|216100000||230400000||||32900000|2300000|||3200000|43000000|9400000||7800000|67300000|76000000|175200000|33600000|DRI
2012-08-26|USD|259800000|2030800000|1771000000|1549800000|-1628700000|218200000||237300000||||27900000|-1700000|||2300000|146100000|35300000||62900000|220400000|-1628700000|-1626400000|110800000|DRI
2012-05-27|USD|2065600000|2065600000|1750400000|-506000000|2065600000|-28200000||286400000||||27100000|-2200000|||2300000|114800000|-36400000||151600000|151200000|227800000|318100000|151200000|DRI
2012-02-26|USD|333300000|2159700000|1826400000|1627300000|-1608600000|198000000||199100000||||27700000|-1800000|||2300000|217800000|53700000||164100000|168400000|245500000|334500000|164100000|DRI
2011-11-27|USD|182200000|1831500000|1649300000|1460600000|-1576800000|187400000||188700000||||25200000||||1500000|72100000|18400000||54100000|39900000|97800000|183500000|53700000|DRI
2011-08-28|USD|251600000|1941400000|1689800000|1506400000|-1543400000|182800000||183400000||||21700000||||600000|146800000|40200000||106800000|78300000|-1543400000|-1542800000|106600000|DRI
2011-05-29|USD|1990400000|1990400000|1697300000|1514200000|1990400000|186800000||283700000||||21500000|-2100000|||600000|185800000|48400000||138000000|139100000|208700000|290300000|137400000|DRI
2011-02-27|USD|303600000|1976800000|1673200000|1478400000|-1474100000|194800000||194800000||||24000000|-2400000|||700000|198600000|47400000||151700000|160200000|223100000|303600000|151200000|DRI
2010-11-28|USD|204700000|1726200000|1521500000|1341500000|-1418300000|180000000||180000000||||23500000||||700000|101900000|27400000||75800000|86400000|126700000|204700000|74500000|DRI
2010-08-29|USD|256800000|1806700000|1549900000|1365400000|-1390800000|180900000||184500000||||24600000||||800000|158900000|45800000||113300000|101900000|-1390800000|-1390000000|113100000|DRI
2010-05-30|USD|1863800000|1863800000|1602500000|1425600000|1863800000|180000000||176900000||||24900000||||800000|156800000|41200000||116000000|95400000|1863800000|1864600000|115600000|DRI
2010-02-28|USD|272300000|1874000000|1601700000|1430200000|-1426300000|169500000||171500000||||20800000||||900000|174900000|40600000||134800000|141500000|-1426300000|-1425400000|134300000|DRI
2009-11-29|USD|348900000|1641300000|1292400000|1292400000|105200000|169900000||243700000||||24500000||||73800000|79800000|19500000||61200000|59000000|105200000|179000000|60300000|DRI
2009-08-30|USD|398300000|1734000000|1335700000|1335700000|154000000|171400000||244300000||||23700000||||72900000|129600000|35300000||95000000|94700000|154000000|226900000|94300000|DRI
2009-05-31|USD|467100000|1975600000|1508500000|1508500000|193800000|188700000||261300000||||26700000||||69900000|167400000|44400000||122700000|103600000|197400000|267300000|123000000|DRI
2009-02-22|USD|404900000|1798900000|1394000000|1394000000|174000000|159700000||230900000||||25500000||||73900000|147900000|40400000||108100000||174000000|247900000|107500000|DRI
