fiscalDateEnding|reportedCurrency|grossProfit|totalRevenue|costOfRevenue|costofGoodsAndServicesSold|operatingIncome|sellingGeneralAndAdministrative|researchAndDevelopment|operatingExpenses|investmentIncomeNet|netInterestIncome|interestIncome|interestExpense|nonInterestIncome|otherNonOperatingIncome|depreciation|depreciationAndAmortization|incomeBeforeTax|incomeTaxExpense|interestAndDebtExpense|netIncomeFromContinuingOperations|comprehensiveIncomeNetOfTax|ebit|ebitda|netIncome|ticker
2024-09-30|USD|505200000|2161300000|1838000000|1677200000|327100000|162000000||189500000||-9700000|-9200000|500000|2171000000||122700000|600000|318600000|80500000|500000|238100000|240100000|327100000|319700000|238100000|PKG
2024-06-30|USD|437700000|2056900000|1786000000|1637600000|276000000|149500000||169700000||-10400000|-9900000|500000|2067300000||118700000|600000|131100000|-67800000|500000|334500000|199900000|276000000|132200000|198900000|PKG
2024-03-31|USD|370400000|1962500000|1760500000|1609100000|196000000|151900000||179600000||-9600000|-9100000|500000|1972100000||118100000|600000|187500000|40600000|500000|146900000|147800000|196000000|188600000|146900000|PKG
2023-12-31|USD|410100000|1917300000|1676200000|1527800000|261500000|142800000||152500000||-11100000|-1800000|9300000|1928400000||120400000|600000|248500000|59300000|9300000|189200000|215000000|261500000|258400000|189200000|PKG
2023-09-30|USD|412700000|1914700000|1669300000|1523300000|258600000|144200000||163100000||-12300000|-11900000|400000|1927000000||118600000|500000|244500000|61300000|400000|183200000|185200000|258600000|245400000|183200000|PKG
2023-06-30|USD|444700000|1930900000|1655000000|1507400000|284400000|145600000||166900000||-14600000|-14200000|400000|1945500000||117400000|600000|267800000|-65100000|400000|202700000|204300000|284400000|268800000|202700000|PKG
2023-03-31|USD|431400000|1954300000|1695600000|1544900000|270700000|148200000||162500000||-15400000|-15000000|400000|1969700000||118800000|500000|253300000|63200000|400000|190100000|192200000|270700000|254200000|190100000|PKG
2022-12-31|USD|450300000|1952700000|1672100000|1528100000|288000000|145700000||166400000||-15100000|-6500000|8600000|1967800000||108400000|600000|276500000|64900000|8600000|211600000|183000000|288000000|285700000|211600000|PKG
2022-09-30|USD|518400000|2101900000|1749100000|1607500000|360300000|145200000||165600000||-16500000|-16100000|400000|2118400000||103200000|500000|347400000|84900000|400000|262500000|263100000|360300000|348300000|262500000|PKG
2022-06-30|USD|588800000|2204700000|1801600000|1648500000|415800000|156700000||186800000||-18800000|-18400000|400000|2223500000||103500000|500000|400600000|99100000|400000|301500000|302300000|415800000|401500000|301500000|PKG
2022-03-31|USD|533200000|2103900000|1761200000|1603200000|356500000|161100000||179500000||-19800000|-19400000|400000|2123700000||98500000|500000|340300000|86100000|400000|254200000|254200000|356500000|341200000|254200000|PKG
2021-12-31|USD|509900000|1895300000|1673000000|1533300000|355700000|141100000||153000000||-80200000|-73500000|6700000|1975500000||96100000|2400000|280400000|63900000|62800000|216500000|278100000|355700000|289500000|216500000|PKG
2021-09-30|USD|510700000|1969800000|1628900000|1489400000|352800000|144500000||164300000||-23900000|-23400000|500000|1993700000||95500000|700000|333900000|83200000|500000|250700000|253600000|352800000|335100000|250700000|PKG
2021-06-30|USD|448800000|1846000000|1572400000|1431100000|294600000|146300000||163200000||-24900000|-24400000|500000|1870900000||94500000|600000|274700000|67400000|500000|207300000|209700000|294600000|275800000|207300000|PKG
2021-03-31|USD|403700000|1769000000|1544400000|1403500000|238300000|145000000||169100000||-23500000|-23000000|500000|1792500000||90000000|700000|219600000|53100000|500000|166500000|168900000|238300000|220800000|166500000|PKG
2020-12-31|USD|333300000|1714200000|1457400000|1380900000|189300000|130300000|15500000|146800000||-24400000|-19100000|5300000|1714200000||89800000|700000|165300000|41800000|5300000|189300000|130000000|189300000|171300000|123500000|PKG
2020-09-30|USD|345400000|1663800000|1484300000|1348300000|209500000|127100000||141400000||-24400000|-23900000|500000|1688200000||89600000|9500000|185700000|46600000|500000|139100000|141600000|209500000|195700000|139100000|PKG
2020-06-30|USD|325800000|1511500000|1406700000|1215800000|116100000|136300000||159500000||-25100000|-24600000|500000|1536600000||93300000|700000|91600000|34900000|500000|56700000|60300000|116100000|92800000|56700000|PKG
2020-03-31|USD|365000000|1683100000|1489600000|1343700000|209100000|145900000||161900000||-19600000|-19100000|500000|1702700000||89800000|600000|190100000|48400000|500000|141700000|144200000|209100000|191200000|141700000|PKG
2019-12-31|USD|383300000|1720000000|1494000000|1336700000|235100000|137000000|16000000|166500000||-60800000|-54700000|6100000|1720000000||88200000|16900000|172400000|36200000|28300000|235100000|105500000|235100000|195400000|136200000|PKG
2019-09-30|USD|411400000|1719600000|1488200000|1339300000|262800000|136900000||158100000||-21600000|-20600000|1000000|1741200000||87600000|10100000|239300000|59500000|1000000|179800000|183200000|262800000|250400000|179800000|PKG
2019-06-30|USD|427900000|1733000000|1477700000|1332000000|280400000|143700000||152000000||-22400000|-21700000|700000|1755400000||85800000|2100000|256000000|62400000|700000|193600000|196900000|280400000|258800000|193600000|PKG
2019-03-31|USD|421400000|1705300000|1456500000|1312300000|275400000|140000000||150300000||-24100000|-23400000|700000|1729400000||85200000|2200000|249300000|62500000|700000|186800000|190100000|275400000|252200000|186800000|PKG
2018-12-31|USD|425400000|1746600000|1454500000|1321100000|286700000|129700000|14400000|141600000||-21700000|-15200000|6500000|1746600000||86400000|2100000|264500000|59900000|6500000|286700000|210900000|286700000|273100000|204600000|PKG
2018-09-30|USD|443200000|1804100000|1511100000|1366700000|298500000|134200000||149800000||-23900000|-23200000|700000|1804800000||89000000|10200000|274100000|67400000|700000|206700000|210700000|298500000|285000000|206700000|PKG
2018-06-30|USD|420600000|3530200000|1484600000|1346900000|269600000|137700000||155100000||-23800000|-23100000|700000|1763400000||91600000|2100000|245300000|58700000|700000|186600000|190600000|269600000|248100000|186600000|PKG
2018-03-31|USD|356100000|3375400000|1471700000|1334500000|212900000|134900000||148300000||-25800000|-25100000|700000|1685500000||94600000|2300000|186600000|46500000|700000|140100000|144000000|212900000|189600000|140100000|PKG
2017-12-31|USD|371400000|1684300000|1451600000|1312900000|252300000|133000000|12800000|121600000||-101100000|-94700000|6400000|1684300000||94800000|4000000|224000000|-44900000|8200000|252000000|243000000|252300000|234400000|268900000|PKG
2017-09-30|USD|397000000|1635700000|1381400000|1243100000|242600000|129600000||158900000||-500000||500000|-3900000||87000000|8400000|216900000|77800000|500000|139100000|142000000|242600000|225800000|139100000|PKG
2017-06-30|USD|364300000|1581100000|1350100000|1219400000|234100000|129600000||133200000||-500000||500000|-2400000||83600000|2000000|208600000|65400000|500000|143200000|146000000|234100000|211100000|143200000|PKG
2017-03-31|USD|338200000|1533700000|1334200000|1198000000|203400000|127800000||137700000||-500000||500000|-2300000||82400000|2000000|179100000|61700000|500000|117400000|120300000|203400000|181600000|117400000|PKG
2016-12-31|USD|327100000|1476600000|1291600000|1149100000|192900000|122500000|13300000|151500000||-4500000||4500000|-3800000||83600000|2000000|168500000|57900000|4500000|192900000|85300000|192900000|175000000|110600000|PKG
2016-09-30|USD|329500000|1482900000|1277700000|1154500000|206400000|116900000||123100000||-500000||500000|-600000||79900000|6300000|183100000|63700000|500000|119300000|122000000|206400000|189900000|119400000|PKG
2016-06-30|USD|320100000|1415800000|1212100000|1097300000|200200000|114800000||121000000||-500000||500000|-1100000||79900000|1900000|177700000|61800000|500000|115900000|121400000|200200000|180100000|115900000|PKG
2016-03-31|USD|299000000|1398800000|1218200000|1102400000|180800000|114300000||117700000||-400000||400000|-1800000||80700000|1900000|159200000|55500000|400000|103700000|106200000|180800000|161500000|103700000|PKG
2015-12-31|USD|285000000|1390900000|1219300000|1105800000|175900000|105400000|13100000|129200000||-4100000||4100000|9200000||79500000|5600000|153700000|49400000|4100000|175900000|121300000|175900000|163400000|104300000|PKG
2015-09-30|USD|328300000|1465300000|1259500000|1142500000|219400000|112700000||121300000||-500000||500000|-5000000||79600000|5700000|197700000|69900000|500000|127800000|130800000|219400000|203900000|127800000|PKG
2015-06-30|USD|317600000|1450200000|1260800000|1130600000|197600000|115900000||131800000||-400000||400000|-3700000||78700000|5700000|175400000|61400000|400000|114000000|121300000|197600000|181500000|114000000|PKG
2015-03-31|USD|277000000|1424300000|1275900000|1148700000|157100000|117300000||129200000||-400000||400000|-1000000||85200000|5700000|137900000|47100000|400000|90800000|92400000|157100000|144000000|90800000|PKG
2014-12-31|USD|297000000|1434000000|1263796000|1136992000|173200000|110500000|12300000|139689000||-4800000||4800000|-88000||84100000|5700000|150100000|51600000|4800000|173200000|5500000|173200000|160600000|98500000|PKG
2014-09-30|USD|320300000|1514086000|1331262000|1198607000|188400000|119600000||137655000||-2000000||2000000|-2854000||95100000|5700000|165300000|60900000|2000000|104445000|104800000|188400000|173000000|104400000|PKG
2014-06-30|USD|310800000|1465090000|1291210000|1157580000|180200000|122900000||136160000||-500000||500000|-2798000||93000000|5600000|158800000|59200000|500000|99557000|101500000|180200000|164900000|99600000|PKG
2014-03-31|USD|301400000|1430065000|1257732000|1129921000|160900000|116500000||128996000||-500000||500000|-1260000||76000000|6100000|140100000|50000000|500000|90086000|91900000|160900000|146700000|90100000|PKG
2013-12-31|USD|259400000|1264431000|1209276000|1005612000|122900000|99994000|11500000|275602000||-10400000||10400000|-4230000||66000000|9126000|94982000|-133118000|-3300000|121131000|249124000|122900000|114508000|228100000|PKG
2013-09-30|USD|227600000|845440000|676095000|619626000|142800000|77096000||56469000||-2900000||2900000|-3486000||42400000|800000|130950000|46250000|2900000|84180000|93902000|142800000|134650000|84700000|PKG
2013-06-30|USD|195300000|800230000|662961000|608107000|110200000|74225000||54854000||-200000||200000|-3243000||41700000|800000|100913000|34713000|200000|64465000|82222000|110200000|101913000|66200000|PKG
2013-03-31|USD|185200000|752753000|628667000|572776000|106000000|75285000||61777000||-205000||205000|-2249000||41100000|205000|96755000|34455000|205000|60613000|65052000|106000000|97165000|62300000|PKG
2012-12-31|USD|174339000|736579000|620417000|562629000|98419000|124461000|11300000|125128000||-1004000||1004000|-2630000|||3304000|86809000|25778000|1004000|98419000|45401000|98419000|91117000|61031000|PKG
2012-09-30|USD|163102000|723473000|612450000|560921000|92072000|51529000||54275000||-516000||516000|-22292000|||516000|61482000|21691000|21812000|39791000|40858000|92072000|62514000|39791000|PKG
2012-06-30|USD|158015000|712468000|607228000|554360000|83858000|52868000||56005000||-200000||200000|-1260000|||662000|70602000|25448000|200000|45154000|30984000|83858000|71464000|45154000|PKG
2012-03-31|USD|145135000|668749000|578014000|526338000|169110000|51942000||56682000||-196000||196000|-2412000|||-266000|159427000|141583000|196000|17844000|26757000|169110000|159357000|17844000|PKG
2011-12-31|USD|134157000|654306000|569131000|520149000|67807000|113493000|12500000|112174000||-331000|20000|351000|-167000|||-110000|58513000|19048000|351000|67807000|3807000|67807000|58754000|39465000|PKG
2011-09-30|USD|137747000|670824000|581991000|533077000|71180000|48914000||46427000||-111000||111000|-1555000|||-351000|64453000|22676000|111000|48504000|16977000|71180000|64213000|41777000|PKG
2011-06-30|USD|136901000|665481000|576772000|528580000|67859000|48192000||45238000||-112000||112000|-2060000|||-349000|61538000|22170000|112000|45689000|40077000|67859000|61301000|39368000|PKG
2011-03-31|USD|133141000|629500000|543987000|496359000|65903000|47952000||47628000||-138000||138000|-3355000|||-324000|59000000|21583000|138000|44320000|43769000|65903000|58814000|37417000|PKG
2010-12-31|USD|147284000|626651000|525397000|479367000|96362000|46340000|10900000|46030000||||7559000||||-310000|88803000|33912000||96362000|64817000|96362000|96052000|54891000|PKG
2010-09-30|USD|166452000|642764000|523531000|476312000|-12342000|47219000||47219000||||7903000||||-309000|-20245000|-113565000||101223000|83201000|-12342000|-12651000|93320000|PKG
2010-06-30|USD|131665000|615459000|528447000|483794000|67746000|44653000||44653000||||8093000||||39358000|59653000|21623000||46123000|30256000|67746000|67700000|38030000|PKG
2010-03-31|USD|86799000|550732000|463933000|463933000|33616000|44277000||62418000||||8723000||||38370000|24893000|5699000||||33616000|53516000|19194000|PKG
2009-12-31|USD|87538000|532257000|444719000|444719000|70799000|43120000|9400000|58344000||||8954000||||39317000|61845000|3162000||||70799000|26906000|58683000|PKG
2009-09-30|USD|110532000|553573000|443041000|443041000|96331000|44258000||61338000||||8961000||||38155000|87370000|14715000||||96331000|40212000|72655000|PKG
2009-06-30|USD|118499000|549400000|430900000|430900000|135717000|42759000||58200000||||8800000||||36813000|126887000|18006000||||135717000|60300000|108881000|PKG
