fiscalDateEnding|reportedCurrency|grossProfit|totalRevenue|costOfRevenue|costofGoodsAndServicesSold|operatingIncome|sellingGeneralAndAdministrative|researchAndDevelopment|operatingExpenses|investmentIncomeNet|netInterestIncome|interestIncome|interestExpense|nonInterestIncome|otherNonOperatingIncome|depreciation|depreciationAndAmortization|incomeBeforeTax|incomeTaxExpense|interestAndDebtExpense|netIncomeFromContinuingOperations|comprehensiveIncomeNetOfTax|ebit|ebitda|netIncome|ticker
2024-09-30|USD|1931000000|2173000000|242000000|89000000|586000000|150000000||1587000000||-165000000|8000000|173000000|2173000000|101000000||21000000|513000000|57000000||457000000|455000000|586000000|707000000|456000000|AEE
2024-06-30|USD|1488000000|1693000000|205000000|69000000|361000000|131000000||1332000000||-165000000|13000000|165000000|1693000000|103000000||20000000|297000000|39000000|165000000|260000000|256000000|361000000|482000000|258000000|AEE
2024-03-31|USD|1579000000|1816000000|237000000|72000000|371000000|135000000||1445000000||-154000000|8000000|154000000|1816000000|89000000||18000000|305000000|44000000|154000000|262000000|260000000|371000000|477000000|261000000|AEE
2023-12-31|USD|-7000000|1618000000|1625000000|1451000000|264000000|150000000||1354000000||-153000000|9000000|153000000|1618000000|87000000||12000000|197000000|39000000|153000000|159000000|156000000|264000000|362000000|158000000|AEE
2023-09-30|USD|1821000000|2060000000|239000000|87000000|614000000|147000000||1446000000||-152000000|152000000|152000000|2060000000|101000000||20000000|562000000|69000000|152000000|494000000|492000000|614000000|734000000|493000000|AEE
2023-06-30|USD|1567000000|1760000000|193000000|65000000|329000000|124000000||1431000000||-134000000|134000000|134000000|1760000000|82000000||17000000|275000000|38000000|134000000|239000000|236000000|329000000|426000000|237000000|AEE
2023-03-31|USD|1832000000|2062000000|230000000|71000000|351000000|127000000||1711000000||-126000000|1000000|127000000|2062000000|78000000||19000000|301000000|37000000|127000000|265000000|263000000|351000000|447000000|264000000|AEE
2022-12-31|USD|575000000|2046000000|1471000000|1355000000|276000000|148000000||1770000000||-124000000|6000000|130000000|2046000000|46000000||19000000|191000000|28000000|130000000|166000000|148000000|276000000|340000000|163000000|AEE
2022-09-30|USD|2073000000|2306000000|233000000|83000000|599000000|144000000||1707000000||-120000000|6000000|126000000|2306000000|58000000||18000000|530000000|78000000|126000000|453000000|452000000|599000000|674000000|452000000|AEE
2022-06-30|USD|1524000000|1726000000|202000000|67000000|309000000|129000000||1417000000||-120000000|6000000|126000000|1726000000|62000000||6000000|243000000|36000000|126000000|209000000|207000000|309000000|375000000|207000000|AEE
2022-03-31|USD|1623000000|1879000000|256000000|79000000|331000000|142000000||1548000000||-98000000|6000000|104000000|1879000000|60000000||22000000|286000000|34000000|104000000|253000000|253000000|331000000|412000000|252000000|AEE
2021-12-31|USD|159000000|1545000000|1386000000|1208000000|197000000|142000000||1348000000||-87000000|6000000|93000000|1545000000|51000000||21000000|154000000|29000000|93000000|126000000|138000000|197000000|268000000|125000000|AEE
2021-09-30|USD|1587000000|1811000000|224000000|81000000|534000000|142000000||1277000000||-87000000|7000000|94000000|1811000000|56000000||17000000|495000000|70000000|94000000|426000000|426000000|534000000|606000000|425000000|AEE
2021-06-30|USD|1282000000|1472000000|190000000|62000000|286000000|122000000||1186000000||-90000000|6000000|96000000|1472000000|49000000||321000000|238000000|31000000|96000000|208000000|206000000|286000000|655000000|207000000|AEE
2021-03-31|USD|1357000000|1566000000|209000000|70000000|316000000|128000000||1250000000||-94000000|6000000|100000000|1566000000|46000000||295000000|260000000|27000000|100000000|235000000|234000000|316000000|655000000|233000000|AEE
2020-12-31|USD|-44000000|1328000000|1275000000|1131000000|211000000|132000000||1117000000||-102000000|6000000|108000000|1328000000|34000000||0|136000000|21000000|108000000|116000000|129000000|211000000|244000000|115000000|AEE
2020-09-30|USD|1323000000|1628000000|203000000|71000000|494000000|128000000||1134000000||-103000000|7000000|110000000|1628000000|48000000||23000000|430000000|63000000|110000000|369000000|368000000|494000000|563000000|367000000|AEE
2020-06-30|USD|1119000000|1398000000|185000000|62000000|354000000|119000000||1044000000||-102000000|6000000|108000000|1398000000|48000000||22000000|293000000|50000000|108000000|244000000|243000000|354000000|423000000|243000000|AEE
2020-03-31|USD|1134000000|1440000000|222000000|65000000|241000000|125000000||1199000000||-87000000|6000000|93000000|1440000000|21000000||23000000|167000000|21000000|93000000|148000000|147000000|241000000|283000000|146000000|AEE
2019-12-31|USD|1316000000|1335000000|548000000|431000000|179000000|106000000||1137000000||-85000000|6000000|91000000|1316000000|31000000||23000000|119000000|24000000|91000000|179000000|98000000|179000000|233000000|95000000|AEE
2019-09-30|USD|1033000000|1640000000|607000000|471000000|520000000|131000000||1139000000||-90000000|6000000|96000000|1659000000|34000000||23000000|456000000|92000000|96000000|366000000|364000000|520000000|575000000|364000000|AEE
2019-06-30|USD|844000000|1379000000|535000000|414000000|280000000|118000000||1099000000||-91000000|6000000|97000000|1379000000|36000000||10000000|218000000|39000000|97000000|180000000|179000000|280000000|325000000|179000000|AEE
2019-03-31|USD|943000000|1556000000|613000000|478000000|288000000|126000000||1268000000||-91000000|6000000|97000000|1556000000|29000000||23000000|218000000|27000000|97000000|193000000|192000000|288000000|338000000|191000000|AEE
2018-12-31|USD|1419000000|1419000000|610000000|481000000|166000000|118000000||1253000000||-92000000|7000000|99000000|1419000000|18000000||263000000|85000000|16000000|99000000|166000000|63000000|166000000|447000000|69000000|AEE
2018-09-30|USD|1060000000|1724000000|664000000|535000000|533000000|127000000||1191000000||-95000000|6000000|101000000|1724000000|32000000||259000000|462000000|105000000|101000000|359000000|359000000|533000000|824000000|357000000|AEE
2018-06-30|USD|939000000|1563000000|624000000|498000000|385000000|122000000||1178000000||-93000000|7000000|100000000|1563000000|29000000||238000000|313000000|74000000|100000000|240000000|237000000|385000000|652000000|239000000|AEE
2018-03-31|USD|639000000|1585000000|946000000|812000000|273000000|125000000||1312000000||-95000000|6000000|101000000|1585000000|23000000||254000000|193000000|42000000|101000000|153000000|152000000|273000000|550000000|151000000|AEE
2017-12-31|USD|1402000000|1399000000|815000000|681000000|212000000|124000000||1187000000||-90000000|6000000|96000000|1399000000|25000000||228000000|140000000|200000000|96000000|-65000000|-57000000|236000000|465000000|-60000000|AEE
2017-09-30|USD|920000000|1723000000|803000000|672000000|569000000|129000000||1154000000||-90000000|7000000|97000000|1723000000|23000000||243000000|493000000|205000000|97000000|290000000|288000000|590000000|829000000|288000000|AEE
2017-06-30|USD|766000000|1537000000|772000000|652000000|387000000|117000000||1150000000||-93000000|6000000|99000000|1537000000|20000000||240000000|307000000|114000000|99000000|194000000|195000000|406000000|645000000|193000000|AEE
2017-03-31|USD|605000000|1515000000|909000000|787000000|242000000|118000000||1273000000||-92000000|7000000|99000000|1515000000|18000000||241000000|159000000|57000000|99000000|104000000|102000000|258000000|501000000|102000000|AEE
2016-12-31|USD|1356000000|1356000000|893000000|718000000|145000000|147000000||1270000000||-88000000|7000000|95000000||68000000||217000000|58000000|26000000|95000000|32000000|11000000|153000000|371000000|32000000|AEE
2016-09-30|USD|1034000000|1859000000|825000000|689000000|691000000|129000000||1168000000||-90000000|7000000|97000000||10000000||231000000|602000000|233000000|97000000|369000000|368000000|699000000|926000000|369000000|AEE
2016-06-30|USD|705000000|1427000000|722000000|603000000|325000000|115000000||1102000000||-89000000|6000000|95000000||10000000||223000000|239000000|92000000|95000000|147000000|151000000|334000000|555000000|147000000|AEE
2016-03-31|USD|568000000|1434000000|866000000|750000000|220000000|114000000||1214000000||-88000000|7000000|95000000||13000000||234000000|136000000|31000000|95000000|105000000|103000000|231000000|464000000|105000000|AEE
2015-12-31|USD|1308000000|1308000000|838000000|670000000|140000000|159000000||1168000000||-84000000|7000000|91000000||12000000||202000000|59000000|30000000|91000000|30000000|31000000|150000000|354000000|29000000|AEE
2015-09-30|USD|988000000|1833000000|845000000|712000000|626000000|128000000||1207000000||-80000000|7000000|87000000||14000000||219000000|551000000|208000000|87000000|343000000|343000000|638000000|851000000|343000000|AEE
2015-06-30|USD|609000000|1401000000|792000000|603000000|237000000|116000000||1164000000||-83000000|6000000|89000000||10000000||216000000|209000000|59000000|89000000|98000000|154000000|298000000|463000000|150000000|AEE
2015-03-31|USD|592000000|1556000000|964000000|831000000|256000000|125000000||1300000000||-81000000|7000000|88000000||8000000||218000000|174000000|66000000|88000000|108000000|108000000|262000000|482000000|108000000|AEE
2014-12-31|USD|1370000000|1370000000|917000000|733000000|125000000|162000000||1245000000||-68000000|7000000|75000000||17000000||195000000|68000000|20000000|75000000|46000000|33000000|143000000|337000000|48000000|AEE
2014-09-30|USD|905000000|1670000000|765000000|640000000|561000000|121000000||1109000000||-79000000|6000000|85000000||14000000||200000000|487000000|194000000|85000000|294000000|293000000|572000000|775000000|293000000|AEE
2014-06-30|USD|681000000|1419000000|738000000|621000000|322000000|114000000||1097000000||-80000000|9000000|89000000||17000000||196000000|248000000|99000000|89000000|150000000|152000000|337000000|535000000|149000000|AEE
2014-03-31|USD|602000000|1594000000|992000000|861000000|246000000|127000000||1348000000||-83000000|9000000|92000000||9000000||200000000|160000000|64000000|92000000|97000000|96000000|252000000|455000000|96000000|AEE
2013-12-31|USD|1322000000|1322000000|852000000|709000000|171000000|136000000||1151000000||-103000000|6000000|109000000||10000000||191000000|60000000|23000000|109000000|48000000|59000000|169000000|372000000|37000000|AEE
2013-09-30|USD|888000000|1638000000|750000000|626000000|567000000|121000000||1071000000||-79000000|9000000|88000000||15000000||183000000|489000000|187000000|88000000|305000000|292000000|577000000|765000000|302000000|AEE
2013-06-30|USD|655000000|1403000000|748000000|633000000|261000000|111000000||1142000000||-92000000|8000000|100000000||11000000||177000000|161000000|66000000|100000000|105000000|101000000|261000000|450000000|95000000|AEE
2013-03-31|USD|525000000|1475000000|950000000|824000000|185000000|122000000||1290000000||-94000000|7000000|101000000||7000000||186000000|-110000000|35000000|101000000|54000000|-152000000|-9000000|378000000|-145000000|AEE
2012-12-31|USD|1509000000|1258000000|3005000000|865000000|112000000|184000000||1150000000||-103000000|-6000000|97000000||8000000||193000000|-1147000000|9000000|110000000|12000000|-1166000000|-1050000000|336000000|-1156000000|AEE
2012-09-30|USD|1000000000|1709000000|1001000000|878000000|570000000|119000000||1131000000||-106000000|-7000000|99000000||11000000||179000000|553000000|179000000|113000000|302000000|406000000|652000000|823000000|374000000|AEE
2012-06-30|USD|766000000|1402000000|894000000|771000000|347000000|116000000||1058000000||-100000000|-2000000|98000000||12000000||226000000|307000000|96000000|112000000|164000000|216000000|405000000|589000000|211000000|AEE
2012-03-31|USD|2000000|1412000000|1656000000|904000000|159000000|121000000||1254000000||-106000000|-8000000|98000000||2000000||188000000|-380000000|23000000|113000000|38000000|-388000000|-282000000|405000000|-403000000|AEE
2011-12-31|USD|1578000000|1578000000|1077000000|919000000|148000000|149000000||255000000||-107000000|-56000000|51000000||9000000||162000000|-14000000|-39000000|115000000|-69000000|0|37000000|870000000|25000000|AEE
2011-09-30|USD|921000000|2268000000|1347000000|1098000000|550000000|121000000||1718000000||-105000000|8000000|113000000||13000000||162000000|448000000|163000000|113000000|287000000|281000000|561000000|870000000|285000000|AEE
2011-06-30|USD|743000000|1781000000|1038000000|925000000|316000000|109000000||1465000000||-96000000|8000000|104000000||12000000||212000000|223000000|85000000|104000000|139000000|137000000|327000000|528000000|138000000|AEE
2011-03-31|USD|639000000|1904000000|1265000000|1140000000|227000000|125000000||1677000000||-111000000|8000000|119000000||11000000||213000000|116000000|45000000|119000000|74000000|68000000|235000000|440000000|71000000|AEE
2010-12-31|USD|1706000000|1706000000|1155000000|982000000|198000000|143000000||1508000000||-112000000|8000000|120000000||6000000||159000000|82000000|30000000|120000000|198000000|-132000000|202000000|392000000|52000000|AEE
2010-09-30|USD|59000000|2267000000|2195000000|1069000000|89000000|117000000||2178000000||-121000000|9000000|130000000||14000000||218000000|-30000000|137000000|130000000|-164000000|-501000000|100000000|896000000|-167000000|AEE
2010-06-30|USD|733000000|1725000000|971000000|871000000|331000000|100000000||1394000000||-107000000|8000000|115000000||22000000||203000000|235000000|83000000|115000000|155000000|143000000|350000000|534000000|152000000|AEE
2010-03-31|USD|714000000|1940000000|1202000000|1084000000|298000000|118000000||1642000000||-132000000||132000000||15000000||203000000|177000000|75000000|132000000|106000000|114000000|309000000|501000000|102000000|AEE
2009-12-31|USD|1684000000|1684000000|993000000|885000000|245000000|101000000||1475000000||-132000000||132000000||13000000||151000000|123000000|44000000|132000000|245000000|61000000|255000000|429000000|79000000|AEE
2009-09-30|USD|907000000|1824000000|908000000|804000000|485000000|104000000||1330000000||-134000000||134000000||13000000||208000000|362000000|135000000|134000000|229000000|227000000|496000000|693000000|227000000|AEE
2009-06-30|USD|1081000000|1696000000|603000000|506000000|365000000|97000000||1319000000||-124000000||124000000||10000000||182000000|248000000|83000000|124000000|333000000|146000000|372000000|547000000|165000000|AEE
2009-03-31|USD|1026000000|1931000000|890000000|890000000|321000000|||1595000000||||118000000||12000000||188000000|211000000|70000000||||329000000|509000000|141000000|AEE
2008-12-31|USD|990000000|1938000000|918000000|918000000|169000000|||1769000000||||109000000||11000000||193000000|65000000|8000000||||174000000|345000000|57000000|AEE
2008-09-30|USD|1155000000|2060000000|905000000|905000000|428000000|||1632000000||||113000000||13000000||157000000|317000000|113000000||||430000000|613000000|204000000|AEE
2008-06-30|USD|1117000000|1790000000|671000000|671000000|443000000|||1347000000||||118000000||11000000||196000000|325000000|119000000||||443000000|624000000|206000000|AEE
