fiscalDateEnding|reportedCurrency|grossProfit|totalRevenue|costOfRevenue|costofGoodsAndServicesSold|operatingIncome|sellingGeneralAndAdministrative|researchAndDevelopment|operatingExpenses|investmentIncomeNet|netInterestIncome|interestIncome|interestExpense|nonInterestIncome|otherNonOperatingIncome|depreciation|depreciationAndAmortization|incomeBeforeTax|incomeTaxExpense|interestAndDebtExpense|netIncomeFromContinuingOperations|comprehensiveIncomeNetOfTax|ebit|ebitda|netIncome|ticker
2024-12-31|USD|-3368000000|12008000000|15376000000||-4869000000|1475000000||1501000000||-98000000||98000000|10868000000|||163000000|2594000000|512000000||2082000000|548000000|2692000000|2855000000|2082000000|TRV
2024-09-30|USD|-5338000000|11904000000|17242000000||-6798000000|1460000000||1460000000||-98000000||98000000|10704000000|||174000000|1560000000|300000000||1260000000|3237000000|1658000000|1832000000|1260000000|TRV
2024-06-30|USD|-6619000000|11283000000|17902000000|-105000000|-8097000000|1478000000||1478000000||-98000000||98000000|10243000000|||182000000|656000000|122000000||534000000|255000000|754000000|9063000000|534000000|TRV
2024-03-31|USD|-5188000000|11228000000|16416000000||-6594000000|1406000000||1406000000||-98000000||98000000|10126000000|||196000000|1370000000|247000000|98000000|1123000000|463000000|1468000000|1664000000|1123000000|TRV
2023-12-31|USD|-3784000000|10927000000|14711000000||-5094000000|1289000000||1310000000||-98000000||98000000|9973000000|||170000000|2019000000|393000000|98000000|1626000000|5167000000|2117000000|2287000000|1626000000|TRV
2023-09-30|USD|-6579000000|10635000000|17214000000||-7891000000|1312000000||1312000000||-98000000|98000000|98000000|9718000000|||169000000|472000000|68000000|98000000|404000000|-1599000000|570000000|472000000|404000000|TRV
2023-06-30|USD|-7183000000|10098000000|17281000000||-8491000000|1308000000||1308000000||-92000000|92000000|92000000|9216000000|||179000000|-48000000|-34000000|92000000|-14000000|-637000000|44000000|44000000|-14000000|TRV
2023-03-31|USD|-4943000000|9704000000|14647000000|6000000|-6210000000|1267000000||1267000000||-88000000|88000000|88000000|8854000000|||204000000|928000000|-47000000|88000000|975000000|2034000000|1016000000|1220000000|975000000|TRV
2022-12-31|USD|-4874000000|9636000000|14510000000||-6102000000|1203000000||1228000000||-88000000|88000000|88000000|8817000000|||208000000|987000000|168000000|88000000|819000000|2282000000|1075000000|1283000000|819000000|TRV
2022-09-30|USD|-5472000000|9303000000|14775000000||-6665000000|1193000000||1193000000||-88000000|88000000|88000000|8615000000|||1406000000|528000000|74000000|88000000|454000000|-2299000000|616000000|811000000|454000000|TRV
2022-06-30|USD|-5058000000|9136000000|14194000000||-6281000000|1223000000||1223000000||-88000000|88000000|88000000|8317000000|||1365000000|657000000|106000000|88000000|551000000|-2002000000|745000000|955000000|551000000|TRV
2022-03-31|USD|-3773000000|8809000000|12582000000||-4967000000|1191000000||1194000000||-87000000|87000000|87000000|8014000000|||3000000|1182000000|164000000|87000000|1018000000|-2777000000|1269000000|1272000000|1018000000|TRV
2021-12-31|USD|-3084000000|9011000000|12095000000||-4240000000|1153000000||1156000000||-88000000|88000000|88000000|8024000000|||3000000|1650000000|317000000|88000000|1333000000|1360000000|1738000000|1741000000|1333000000|TRV
2021-09-30|USD|-4595000000|8805000000|13400000000||-5786000000|1187000000||1191000000||-87000000|87000000|87000000|7829000000|||4000000|786000000|124000000|87000000|662000000|59000000|873000000|877000000|662000000|TRV
2021-06-30|USD|-3834000000|8687000000|12521000000||-5011000000|1174000000||1177000000||-83000000|83000000|83000000|7616000000|||3000000|1131000000|197000000|83000000|934000000|1412000000|1214000000|1217000000|934000000|TRV
2021-03-31|USD|-4001000000|8313000000|12314000000||-5168000000|1163000000||1167000000||-82000000|82000000|82000000|7386000000|||4000000|891000000|158000000|82000000|733000000|-478000000|973000000|977000000|733000000|TRV
2020-12-31|USD|8397000000|8397000000|11042000000||8397000000|1142000000||1145000000||-83000000|83000000|83000000|7480000000|||3000000|1616000000|306000000|83000000|1310000000|1674000000|1699000000|1702000000|1310000000|TRV
2020-09-30|USD|-3817000000|8275000000|12092000000||-4930000000|1109000000||1113000000||-87000000|87000000|87000000|7380000000|||4000000|986000000|159000000|87000000|827000000|1083000000|1073000000|1077000000|827000000|TRV
2020-06-30|USD|-5110000000|7401000000|12511000000||-6234000000|1121000000||1124000000||-85000000|85000000|85000000|6955000000|||3000000|-85000000|-45000000|85000000|-40000000|1891000000|-6234000000|3000000|-40000000|TRV
2020-03-31|USD|-3989000000|7908000000|11897000000||-5130000000|1137000000||1141000000||-84000000|84000000|84000000|7229000000|||4000000|720000000|120000000|84000000|600000000|-89000000|804000000|808000000|600000000|TRV
2019-12-31|USD|8063000000|8063000000|11549000000|5821000000|8063000000|1085000000||1088000000||-83000000|83000000|83000000|7250000000|||3000000|1074000000|201000000|83000000|873000000|888000000|1157000000|1160000000|873000000|TRV
2019-09-30|USD|-4718000000|8013000000|12731000000|6399000000|-5820000000|1098000000||1102000000||-84000000|84000000|84000000|7179000000|||4000000|432000000|36000000|84000000|396000000|815000000|516000000|520000000|396000000|TRV
2019-06-30|USD|-4071000000|7834000000|11905000000|5955000000|-5200000000|1125000000||1129000000||-89000000|89000000|89000000|6988000000|||4000000|665000000|108000000|89000000|557000000|1445000000|754000000|758000000|557000000|TRV
2019-03-31|USD|-3391000000|7671000000|11062000000|5559000000|-4452000000|1057000000||1061000000||-88000000||88000000|6855000000|||4000000|967000000|171000000|88000000|796000000|1973000000|1055000000|1059000000|796000000|TRV
2018-12-31|USD|7796000000|7796000000|11709000000|5900000000|7796000000|1063000000||1031000000||-87000000||87000000|6945000000|||5000000|746000000|125000000|87000000|621000000|765000000|833000000|838000000|621000000|TRV
2018-09-30|USD|-3767000000|7723000000|11490000000|5772000000|-4830000000|1059000000||1063000000||-86000000||86000000|6882000000|||4000000|806000000|97000000|86000000|709000000|394000000|892000000|896000000|709000000|TRV
2018-06-30|USD|-3845000000|7477000000|11322000000|5643000000|-4962000000|1113000000||1117000000||-90000000||90000000|6695000000|||4000000|631000000|107000000|90000000|524000000|158000000|721000000|725000000|524000000|TRV
2018-03-31|USD|-3446000000|7286000000|10732000000|5357000000|-4525000000|1062000000||1079000000||-89000000||89000000|6640000000|||4000000|778000000|109000000|89000000|669000000|-264000000|867000000|871000000|669000000|TRV
2017-12-31|USD|7451000000|7451000000|10856000000|5414000000|7451000000|1084000000||1100000000||-93000000||93000000|6731000000|||4000000|860000000|309000000|93000000|551000000|493000000|953000000|957000000|551000000|TRV
2017-09-30|USD|-4395000000|7325000000|11720000000|5865000000|-5444000000|1045000000||1049000000||-95000000||95000000|6636000000|||4000000|320000000|27000000|95000000|293000000|352000000|415000000|419000000|293000000|TRV
2017-06-30|USD|-3345000000|7184000000|10529000000|5257000000|-4392000000|1045000000||1047000000||-92000000||92000000|6467000000|||2000000|790000000|195000000|92000000|595000000|866000000|882000000|884000000|595000000|TRV
2017-03-31|USD|-3261000000|6942000000|10203000000|5097000000|-4273000000|996000000||1012000000||-89000000||89000000|6296000000|||3000000|760000000|143000000|89000000|617000000|757000000|849000000|852000000|617000000|TRV
2016-12-31|USD|7193000000|7193000000|9594000000|4753000000|7193000000|1048000000||1101000000||-90000000||90000000|6383000000|||3000000|1302000000|359000000|90000000|943000000|-472000000|1392000000|1395000000|943000000|TRV
2016-09-30|USD|-2823000000|6961000000|9784000000|4868000000|-3883000000|1057000000||1060000000||-89000000||89000000|6325000000|||3000000|947000000|231000000|89000000|716000000|411000000|1036000000|1039000000|716000000|TRV
2016-06-30|USD|-2784000000|6785000000|9569000000|4751000000|-3840000000|1054000000||1056000000||-93000000||93000000|6186000000|||2000000|887000000|223000000|93000000|664000000|1215000000|980000000|982000000|664000000|TRV
2016-03-31|USD|-2707000000|6686000000|9393000000|4683000000|-3705000000|995000000||998000000||-91000000||91000000|6098000000|||3000000|917000000|226000000|91000000|691000000|1262000000|1008000000|1011000000|691000000|TRV
2015-12-31|USD|6674000000|6678000000|8167000000|4335000000|6674000000|1039000000||469000000||-95000000||95000000|6134000000|||-617000000|1209000000|343000000|95000000|866000000|677000000|1304000000|687000000|866000000|TRV
2015-09-30|USD|-1984000000|6798000000|8778000000|4369000000|918000000|1028000000||1027000000||-94000000||94000000|6144000000|||3000000|1307000000|379000000|94000000|928000000|791000000|1401000000|1404000000|928000000|TRV
2015-06-30|USD|-2388000000|6710000000|9094000000|4510000000|806000000|1032000000||1037000000||-92000000||92000000|6042000000|||9000000|1076000000|264000000|92000000|812000000|212000000|1168000000|1177000000|812000000|TRV
2015-03-31|USD|-2427000000|6629000000|9053000000|4394000000|827000000|995000000||1228000000||-92000000||92000000|5999000000|||236000000|1148000000|315000000|92000000|833000000|722000000|1240000000|1476000000|833000000|TRV
2014-12-31|USD|6783000000|6783000000|8712000000|4192000000|1023000000|1051000000||1311000000||-92000000||92000000|6088000000|||222000000|1460000000|422000000|92000000|1038000000|618000000|1023000000|1774000000|1038000000|TRV
2014-09-30|USD|-2181000000|6886000000|9067000000|4504000000|893000000|1031000000||1043000000||-93000000||93000000|6093000000|||12000000|1258000000|339000000|93000000|919000000|657000000|893000000|1363000000|919000000|TRV
2014-06-30|USD|-2844000000|6785000000|9629000000|4791000000|673000000|1001000000||1012000000||-92000000||92000000|6040000000|||11000000|901000000|218000000|92000000|683000000|1118000000|673000000|1004000000|683000000|TRV
2014-03-31|USD|-1051000000|6708000000|7759000000|4265000000|1052000000|881000000||1221000000||-92000000||92000000|5823000000|||239000000|1470000000|418000000|92000000|1052000000|2421000000|1052000000|1801000000|1052000000|TRV
2013-12-31|USD|6737000000|6737000000|7921000000|4297000000|981000000|977000000||1359000000||-92000000||92000000|5851000000|||237000000|1371000000|383000000|92000000|988000000|-1592000000|981000000|1700000000|988000000|TRV
2013-09-30|USD|-1090000000|6452000000|7542000000|4250000000|883000000|934000000||1039000000||-91000000||91000000|5666000000|||11000000|1177000000|313000000|91000000|864000000|1713000000|883000000|1279000000|864000000|TRV
2013-06-30|USD|-1331000000|6674000000|8005000000|4480000000|816000000|931000000||1031000000||-86000000||86000000|5603000000|||12000000|1177000000|252000000|86000000|925000000|644000000|816000000|1275000000|925000000|TRV
2013-03-31|USD|-909000000|6328000000|7237000000|4101000000|887000000|915000000||1023000000||-92000000||92000000|5614000000|||11000000|1220000000|324000000|92000000|896000000|1482000000|887000000|1323000000|896000000|TRV
2012-12-31|USD|6477000000|6477000000|9327000000|5144000000|278000000|929000000||1086000000||2832000000|2925000000|93000000|5729000000|||12000000|311000000|7000000|93000000|304000000|304000000|278000000|416000000|304000000|TRV
2012-09-30|USD|-1125000000|6512000000|7637000000|4345000000|867000000|904000000||1012000000||-93000000||93000000|5758000000|||12000000|1170000000|306000000|93000000|864000000|2134000000|867000000|1275000000|864000000|TRV
2012-06-30|USD|-2122000000|6359000000|8481000000|4762000000|495000000|893000000||1005000000||-96000000||96000000|5588000000|||12000000|608000000|109000000|96000000|499000000|1089000000|495000000|716000000|499000000|TRV
2012-03-31|USD|-1240000000|6392000000|7632000000|4335000000|801000000|884000000||1000000000||-96000000||96000000|5523000000|||16000000|1077000000|271000000|96000000|806000000|793000000|801000000|1189000000|806000000|TRV
2011-12-31|USD|6373000000|6373000000|8161000000|4593000000|609000000|906000000||1068000000||2814000000|2910000000|96000000|5611000000|||16000000|778000000|160000000|96000000|618000000|591000000|609000000|890000000|618000000|TRV
2011-09-30|USD|-2753000000|6407000000|9160000000|5118000000|332000000|860000000||985000000||-97000000||97000000|5605000000|||16000000|332000000|-1000000|97000000|333000000|654000000|332000000|445000000|333000000|TRV
2011-06-30|USD|-4805000000|6388000000|11193000000|6111000000|-377000000|907000000||1008000000||-97000000||97000000|5503000000|||17000000|-727000000|-363000000|97000000|-364000000|75000000|-377000000|-613000000|-364000000|TRV
2011-03-31|USD|-1369000000|6278000000|7647000000|4330000000|826000000|883000000||979000000||-96000000||96000000|5371000000|||20000000|969000000|130000000|96000000|-7569000000|856000000|826000000|1085000000|839000000|TRV
2010-12-31|USD|6332000000|6332000000|7270000000|4147000000|864000000|890000000||1093000000||2995000000|3093000000|98000000|5380000000|||20000000|1197000000|303000000|158000000|894000000|-223000000|864000000|1315000000|894000000|TRV
2010-09-30|USD|-781000000|6482000000|7263000000|4179000000|858000000|837000000||932000000||-95000000||95000000|5422000000|||21000000|1371000000|366000000|95000000|-7095000000|1687000000|858000000|1487000000|1005000000|TRV
2010-06-30|USD|-1491000000|6179000000|7670000000|4369000000|690000000|832000000||929000000||-97000000||97000000|5340000000|||195000000|881000000|211000000|97000000|-7832000000|1089000000|690000000|1173000000|670000000|TRV
2010-03-31|USD|-1504000000|6119000000|7623000000|4317000000|631000000|847000000||945000000||-98000000||98000000|5230000000|||216000000|857000000|210000000|98000000|647000000|699000000|631000000|1171000000|647000000|TRV
2009-12-31|USD|6456000000|6456000000|6376000000|3709000000|24998000000|856000000||954000000||-98000000||98000000|5343000000|||195000000|1793000000|508000000|98000000|1285000000|847000000|1891000000|2086000000|1285000000|TRV
2009-09-30|USD|-808000000|6327000000|7135000000|4090000000|-6774000000|889000000||987000000||-98000000||98000000|5421000000|||187000000|1250000000|315000000|98000000|935000000|2334000000|1348000000|1535000000|935000000|TRV
2009-06-30|USD|-2300000000|6162000000|8462000000|4288000000|-9313000000|839000000||1886000000||-94000000||94000000|5353000000|||953000000|941000000|201000000|94000000|1480000000|1301000000|1035000000|1988000000|740000000|TRV
