fiscalDateEnding|reportedCurrency|grossProfit|totalRevenue|costOfRevenue|costofGoodsAndServicesSold|operatingIncome|sellingGeneralAndAdministrative|researchAndDevelopment|operatingExpenses|investmentIncomeNet|netInterestIncome|interestIncome|interestExpense|nonInterestIncome|otherNonOperatingIncome|depreciation|depreciationAndAmortization|incomeBeforeTax|incomeTaxExpense|interestAndDebtExpense|netIncomeFromContinuingOperations|comprehensiveIncomeNetOfTax|ebit|ebitda|netIncome|ticker
2024-09-30|USD|691835000|1029200000|337365000|223695000|468132000|247819000||337365000||-104441000||104441000|-3840000|101000|30459000|89546000|358418000|82021000|109481000|276262000|313408000|468132000|557678000|276397000|CPAY
2024-06-30|USD|642537000|975700000|333163000|265368000|433339000|248821000||333163000||-94677000||94677000|-3900000|-4496000|29512000|84342000|334164000|82539000|94677000|251663000|93487000|433339000|517681000|251625000|CPAY
2024-03-31|USD|605041000|935251000|330210000|266800000|397338000|245450000||355552000||-89088000||89088000|-3100000|-3127000|28931000|84760000|305256000|75487000|89088000|229803000|178021000|397338000|482098000|229769000|CPAY
2023-12-31|USD|561029000|937320000|376290000|201459000|424051000|292344000||397947000||-92041000||92041000|1400000|1513000|27955000|83946000|333497000|77640000|0|255857000|328692000|424051000|507997000|255857000|CPAY
2023-09-30|USD|652349000|970900000|318543000|208217000|444977000|233793000||318543000||-88285000||88285000|-6400000|13432000|28289000|84750000|370094000|98598000|0|271496000|266825000|444977000|529727000|271496000|CPAY
2023-06-30|USD|618730000|948200000|329444000|205265000|412650000|245768000||329444000||-88486000||88486000|900000|2424000|27759000|83676000|326570000|86868000|88486000|239702000|316455000|412650000|496326000|239702000|CPAY
2023-03-31|USD|580792000|901333000|320508000|204967000|375195000|236276000||359778000||-79795000||79795000|700000|-746000|25980000|84232000|294844000|80009000|-88486000|214835000|290469000|375195000|459427000|214835000|CPAY
2022-12-31|USD|505551000|883600000|378030000|290654000|369270000|288237000||419150000||-74152000|||2400000|3184000|24944000|89793000|297439000|72120000|0|225319000|376114000|369270000|459063000|225319000|CPAY
2022-09-30|USD|592488000|893000000|300512000|242526000|389170000|223299000||300512000||-45410000|||-1900000|-3688000|23283000|77213000|339898000|91013000|0|248885000|2273000|389170000|466383000|248885000|CPAY
2022-06-30|USD|556056000|861278000|305244000|236005000|370480000|226770000||305244000||-23070000|||-1800000|-3564000|22643000|78474000|343653000|81482000||262171000|111775000|370480000|448954000|262171000|CPAY
2022-03-31|USD|492028000|789200000|297213000|224756000|317721000|220411000||322691000||-22030000|||-400000|-869000|21140000|76802000|294670000|76718000||217952000|419131000|317721000|394523000|217952000|CPAY
2021-12-31|USD|802255000|802255000|75013000|227299000|340292000|271082000|46700000|75013000||-21436000|||-10764000|-6405000|19966000|75013000|302487000|77483000|9964000|340292000|196432000|340292000|415305000|225004000|CPAY
2021-09-30|USD|488274000|755477000|267226000|212077000|338687000|192989000||267226000||-29033000|||-1200000|-1532000|19511000|74237000|308122000|74115000|0|234007000|63140000|338687000|412924000|234007000|CPAY
2021-06-30|USD|419930000|667400000|247451000|184720000|297612000|178233000||247451000||-34685000|||-600000|-408000|18470000|69218000|262519000|66272000||196247000|412089000|297612000|366830000|196247000|CPAY
2021-03-31|USD|382450000|608623000|226173000|116428000|265965000|160444000||228650000||-28551000|||-1200000|-1743000|17624000|65729000|269393000|51441000||184239000|66378000|265965000|331694000|217952000|CPAY
2020-12-31|USD|614533000|617333000|2800000|121514000|293939000|167198000|40200000|2800000||-30329000|||-300000|-422000|17031000|64685000|263188000|53337000|0|306939000|429829000|293939000|358624000|209851000|CPAY
2020-09-30|USD|383891000|585283000|201109000|119856000|264532000|137630000||201109000||-31383000|||3700000|3591000|16543000|63479000|235410000|46593000|0|188817000|187656000|264532000|328011000|188817000|CPAY
2020-06-30|USD|333871000|525146000|191275000|121290000|212811000|129113000||191275000||-32412000|||-2400000|-2480000|15819000|62162000|211628000|53140000||158488000|168637000|212811000|274973000|158488000|CPAY
2020-03-31|USD|434555000|661093000|226445000|143645000|200983000|161969000||344191000||-35679000|||2000000|9366000|15788000|64476000|172299000|25239000||147060000|-472599000|200983000|265459000|147060000|CPAY
2019-12-31|USD|696081000|698881000|2800000|146081000|320796000|195191000|37200000|2800000||-34960000|||400000|535000|16391000|68510000|298561000|63051000||333796000|377723000|320796000|389306000|235510000|CPAY
2019-09-30|USD|463861000|681048000|217187000|135016000|329141000|149840000||217187000||-36504000|||100000|120000|15753000|67347000|292757000|66952000||225805000|39324000|329141000|396488000|225805000|CPAY
2019-06-30|USD|417546000|647094000|229548000|120458000|297317000|158640000||229548000||-39529000|||-300000|-528000|15508000|70908000|257260000|-4391000||261651000|267646000|297317000|368225000|261651000|CPAY
2019-03-31|USD|412335000|621825000|209490000|129114000|284176000|142045000||231654000||-39055000|||30000|-220000|15132000|67445000|229241000|57134000||172107000|151773000|284176000|351621000|172107000|CPAY
2018-12-31|USD|638422000|643422000|5000000|131609000|284738000|177421000|24200000|5000000|-1141000|-38207000|||150352000|152631000|14762000|67230000|397063000|95063000|2098000|284738000|332888000|284738000|351968000|302000000|CPAY
2018-09-30|USD|409490000|619586000|210096000|128400000|281090000|142829000||210096000|-1663000|-36072000|||-200000|-303000|13141000|67267000|237568000|79874000|0|157694000|83636000|281090000|348357000|157694000|CPAY
2018-06-30|USD|375984000|584985000|209001000|111201000|264783000|140391000||209001000|-1270000|-33150000|||-200000|-458000|12636000|68610000|231175000|54323000||176852000|-185233000|264783000|333393000|176852000|CPAY
2018-03-31|USD|932007000|585500000|208928000|116485000|260087000|137426000||220925000|-1269000|-31065000|||586500000|297000|12397000|71502000|229319000|54382000||174937000|218191000|260087000|331589000|174937000|CPAY
2017-12-31|USD|598991000|609991000|11000000|143627000|240012000|217054000|21800000|11000000|-1374000|-30824000|||174983000|-190000|11504000|65829000|208330000|-74366000|0|240012000|197207000|240012000|305841000|282696000|CPAY
2017-09-30|USD|311891000|577877000|233946000|138970000|232637000|164790000||233946000|-1650000|-29344000|||-2696000|175271000|13503000|69156000|327502000|124679000|3296000|202823000|346505000|232637000|301793000|202823000|CPAY
2017-06-30|USD|296332000|541237000|221854000|133941000|216043000|157145000||221854000|-1544000|-23851000|||800000|551000|10926000|64709000|190389000|59402000||130987000|93727000|216043000|280752000|130987000|CPAY
2017-03-31|USD|272285000|520433000|223521000|126208000|195068000|158655000||236509000|-1544000|-23127000|||-1500000|-2196000|10667000|64866000|167368000|43675000||123693000|217307000|195068000|259934000|123693000|CPAY
2016-12-31|USD|514953000|566358000|317402000|124266000|215975000|161094000|17700000|237175000|-1478000|-21991000|||-1300000|-1926000|10794000|61408000|153455000|58031000|0|215975000|41171000|215975000|277383000|95424000|CPAY
2016-09-30|USD|268530000|465912000|197382000|124447000|191055000|140298000||197382000|-1348000|-17814000|||-700000|-293000|9395000|57084000|170204000|40586000|0|129618000|77209000|191055000|248139000|129618000|CPAY
2016-06-30|USD|235528000|401805000|166277000|102999000|171168000|117841000||166277000|-1349000|-15900000|||-200000|-104000|8335000|48436000|162348000|46095000||114185000|96121000|171168000|219604000|116253000|CPAY
2016-03-31|USD|238663000|397371000|158708000|108047000|175955000|122380000||165544000|-990000|-16191000|||-700000|-659000|7976000|36328000|156912000|45822000||109972000|142292000|175955000|212283000|111090000|CPAY
2015-12-31|USD|390601000|430601000|40000000|111674000|146149000|176382000|11600000|40000000|-811000|-16521000|||200000|-178000|7521000|48018000|85708000|32878000||146149000|37495000|146149000|194167000|52830000|CPAY
2015-09-30|USD|262256000|434330000|172074000|122685000|188460000|123548000||172074000|-812000|-17163000|||0|168000|7845000|48526000|165357000|48587000||116770000|-46260000|188460000|236986000|116770000|CPAY
2015-06-30|USD|224926000|385816000|160890000|96289000|169151000|112063000||160890000|-814000|-18089000|||-700000|-653000|7598000|48827000|145291000|46613000||93560000|157694000|169151000|217978000|98678000|CPAY
2015-03-31|USD|223664000|394700000|171036000|108682000|163774000|122954000||179181000|-813000|-19566000|||-1900000|-1860000|7498000|48082000|139648000|45495000||91453000|-65801000|163774000|211856000|94153000|CPAY
2014-12-31|USD|360897000|360897000|236091000|89475000|172622000|153991000|9200000|227294000|-814000|-13228000|20288000|33516000|-15800000|1570000|6317000|37800000|140303000|30763000|15800000|172622000|172622000|172622000|211619000|109540000|CPAY
2014-09-30|USD|180199000|289824000|109625000|66465000|144207000|83911000||109625000|-815000|-4859000|2794000|7653000|-600000|-594000|5107000|25714000|136554000|41045000|7653000|93309000|27031000|144207000|169921000|95509000|CPAY
2014-06-30|USD|450169000|550342000|100173000|59172000|134484000|75744000||106702000|-816000|-5308000|1221000|6529000|282148000|268000|4872000|24429000|127955000|39406000|6529000|87060000|183930000|134484000|158913000|88549000|CPAY
2014-03-31|USD|693840000|779133000|85293000|54479000|114136000|60875000||96852000|-814000|-5461000|544000|6005000|530686000|-6005000|4801000|24418000|108131000|33022000|6005000|75109000|166145000|114136000|138554000|75109000|CPAY
2013-12-31|USD|255501000|255501000|114664000|56387000|106050000|81206000|7300000|116265000||-5501000|602000|6103000|-500000|-472000|4723000|24158000|100077000|31957000|6103000|106050000|68120000|106050000|130338000|68120000|CPAY
2013-09-30|USD|158216000|221694000|63478000|50417000|111255000|45418000||67234000||-3756000||3756000|300000|156000|4108000|18060000|107655000|29035000|3756000|78620000|175533000|111411000|129471000|78620000|CPAY
2013-06-30|USD|156863000|217093000|60230000|51565000|109074000|44340000||63986000||-3756000||3756000|-20000|6000|4023000|15890000|105324000|32225000|3756000|73099000|122776000|109080000|124970000|73099000|CPAY
2013-03-31|USD|132764000|190058000|57294000|43804000|94253000|40965000||65202000||-3448000||3448000|-145000|-292000|4031000|14629000|90513000|25851000|3448000|64662000|118592000|93961000|108590000|64662000|CPAY
2012-12-31|USD|202617000|202617000|71362000|-2200000|93171000|55946000||82060000||-3390000||3390000|-381000|-602000|4285000|15116000|89179000|29108000|3390000|93171000|60071000|92569000|107685000|60071000|CPAY
2012-09-30|USD|119058000|183558000|64500000|6900000|85834000|44009000||60846000||-3246000||3246000|-128000|3000|3543000|13591000|82591000|22943000|3246000|59648000|128070000|85837000|99428000|59648000|CPAY
2012-06-30|USD|133737000|169170000|35433000||81448000|23824000||35433000||-2818000||2818000|168000|66000|3169000|11609000|78696000|24295000|2818000|54401000|99605000|81514000|93123000|54401000|CPAY
2012-03-31|USD|106884000|142427000|35543000||64475000|23823000||40500000||-3563000||3563000|-175000|-588000|3119000|11720000|60324000|18245000|510000|42079000|51151000|63887000|75607000|42079000|CPAY
2011-12-31|USD|140160000|140160000|43871000||54232000|33947000||49497000||-3433000||3433000|600000|-19000|2974000|9924000|50779000|13008000|513000|54232000|37771000|54212000|64136000|37771000|CPAY
2011-09-30|USD|70775000|134213000|28781000||61723000|19729000||28781000||-3130000||3130000|527000|518000|2946000|9052000|59111000|18597000|3130000|40514000|40514000|62241000|71293000|40514000|CPAY
2011-06-30|USD|68480000|134213000|30662000||59892000|22074000||33331000||-3451000|||-2669000|56000|2806000|8588000|53828000|17113000|2669000|36715000|36715000|59892000|68480000|36715000|CPAY
2011-03-31|USD|||||50487000|||||-3363000||||34000|2725000|8607000|47158000|14823000||||50487000|59094000|32335000|CPAY
2010-12-31|USD|||||23774000|||||-4180000||||552000|2699000|8507000|20145000|2632000||||23774000|32281000|17513000|CPAY
2010-09-30|USD|||||49062000|||||-5557000||||696000|3238000|8925000|44201000|10803000||||49062000|57987000|33398000|CPAY
2010-06-30|USD|58816000||||50557000|||||-5531000||||115000||8259000|45141000|15501000||||50557000|58816000|29640000|CPAY
2010-03-31|USD|||||47100000|||||||||||||||||47100000||27345000|CPAY
