fiscalDateEnding|reportedCurrency|grossProfit|totalRevenue|costOfRevenue|costofGoodsAndServicesSold|operatingIncome|sellingGeneralAndAdministrative|researchAndDevelopment|operatingExpenses|investmentIncomeNet|netInterestIncome|interestIncome|interestExpense|nonInterestIncome|otherNonOperatingIncome|depreciation|depreciationAndAmortization|incomeBeforeTax|incomeTaxExpense|interestAndDebtExpense|netIncomeFromContinuingOperations|comprehensiveIncomeNetOfTax|ebit|ebitda|netIncome|ticker
2024-12-31|USD|14603000000|27784000000|13181000000|13181000000|2250000000|12320000000||16670000000||-264000000||264000000||||1259000000|1798000000|275000000||1534000000|563000000|2062000000|3332000000|1523000000|PEP
2024-09-07|USD|12923000000|23319000000|10396000000|10396000000|3872000000|9051000000||8975000000||||219000000|||||3679000000|749000000||2945000000|2064000000|3898000000||2930000000|PEP
2024-06-15|USD|12582000000|22501000000|9919000000|9919000000|4048000000|8534000000||8458000000||||234000000|||||3859000000|776000000||3094000000|2476000000|4093000000||3083000000|PEP
2024-03-23|USD|10002000000|18250000000|8248000000|8248000000|2717000000|7285000000||7285000000||-202000000||202000000||||768000000|2562000000|520000000|202000000|2053000000|2397000000|2764000000|3543000000|2042000000|PEP
2023-12-31|USD|14753000000|27850000000|13097000000|13097000000|1683000000|12149000000|804000000|15981000000||-217000000||217000000|0|||1161000000|1511000000|209000000|217000000|1324000000|1562000000|1728000000|2911000000|1302000000|PEP
2023-09-09|USD|12778000000|23453000000|10675000000|10675000000|4015000000|8763000000||8763000000||-201000000||201000000|0||||3852000000|760000000|201000000|3116000000|3078000000|4053000000||3092000000|PEP
2023-06-17|USD|12201000000|22322000000|10121000000|10121000000|3659000000|8542000000||8655000000||-201000000||201000000|0||||3495000000|747000000|201000000|2771000000|2569000000|3696000000||2748000000|PEP
2023-03-31|USD|9858000000|17846000000|7988000000|7988000000|2629000000|7229000000||7229000000||-200000000||200000000|0|||706000000|2478000000|546000000|200000000|1944000000|1633000000|2678000000|3644000000|1932000000|PEP
2022-12-31|USD|14576000000|27996000000|13420000000|13420000000|815000000|12197000000|771000000|16852000000||-273000000||273000000|0|||909000000|489000000|-29000000|273000000|535000000|-41000000|762000000|3625000000|518000000|PEP
2022-09-03|USD|11663000000|21971000000|10308000000|10308000000|3353000000|8295000000||8369000000||-190000000||190000000|-14000000||||3177000000|475000000|190000000|2724000000|2375000000|3367000000||2702000000|PEP
2022-06-11|USD|10810000000|20225000000|9415000000|9415000000|2077000000|7387000000||8602000000||-236000000||236000000|13000000||||1822000000|393000000|236000000|1446000000|2356000000|2058000000||1429000000|PEP
2022-03-19|USD|8767000000|16200000000|7433000000|7433000000|5267000000|6580000000||3763000000||-240000000||240000000|3300000000||||5149000000|888000000|240000000|4273000000|3816000000|5389000000||4261000000|PEP
2021-12-31|USD|13118000000|25248000000|12130000000|12130000000|2562000000|10556000000|752000000|13886000000||-1132000000||1132000000|-842000000|||847000000|1569000000|247000000|1974000000|1341000000|1549000000|2701000000|3531000000|1322000000|PEP
2021-09-04|USD|10795000000|20189000000|9394000000|9394000000|3159000000|7636000000||7636000000||-232000000||232000000|0||||3026000000|802000000|232000000|2243000000|1958000000|3258000000||2224000000|PEP
2021-06-12|USD|10337000000|19217000000|8880000000|8880000000|3129000000|7208000000||7208000000||-241000000||241000000|0||||3000000000|642000000|241000000|2372000000|2745000000|3241000000||2358000000|PEP
2021-03-20|USD|8149000000|14820000000|6671000000|6671000000|2312000000|5837000000||5837000000||-258000000||258000000|0||||2165000000|451000000|258000000|1723000000|1944000000|2423000000||1714000000|PEP
2020-12-31|USD|12029000000|22455000000|10426000000|10426000000|2826000000|9161000000|719000000|12958000000||-339000000||339000000||||817000000|2343000000|498000000|339000000|1859000000|1726000000|2682000000|3513000000|1845000000|PEP
2020-09-05|USD|9935000000|18091000000|8156000000|8156000000|3011000000|6924000000||6924000000||-264000000||264000000|||||2817000000|526000000|264000000|2307000000|2712000000|3081000000||2291000000|PEP
2020-06-13|USD|8857000000|15945000000|7088000000|7088000000|2319000000|6538000000||6538000000||-235000000||235000000|||||2156000000|510000000|235000000|1658000000|925000000|2391000000||1646000000|PEP
2020-03-21|USD|7754000000|13881000000|6127000000|6127000000|1924000000|5830000000||5855000000||-290000000||290000000||||533000000|1698000000|360000000|290000000|1351000000|581000000|1988000000|2534000000|1338000000|PEP
2019-12-31|USD|11294000000|20640000000|9346000000|9346000000|2699000000|8595000000|711000000|370000000||-484000000|-200000000|284000000|0|61000000||798000000|2196000000|430000000|0|2269000000|2592000000|2480000000|2553000000|1766000000|PEP
2019-09-07|USD|9494000000|17188000000|7694000000|7694000000|2855000000|6639000000||105000000||-224000000||224000000|0|38000000|||2659000000|559000000|0|2296000000|1958000000|2883000000||2100000000|PEP
2019-06-15|USD|9045000000|16449000000|7404000000|7404000000|2729000000|6316000000||182000000||-223000000||223000000|0||||2559000000|524000000|0|2205000000|1707000000|2782000000||2035000000|PEP
2019-03-23|USD|7196000000|12884000000|5688000000|5688000000|2008000000|5188000000|711000000|5188000000||-204000000|63000000|267000000|0|63000000||498000000|1859000000|446000000|267000000|1422000000|1876000000|2126000000|2633000000|1413000000|PEP
2018-12-31|USD|10588000000|19524000000|8936000000|8936000000|2431000000|8157000000|680000000|246000000||-621000000|-306000000|315000000|-195000000|58000000||763000000|1922000000|-4932000000|253000000|7363000000|5988000000|2237000000|2556000000|6854000000|PEP
2018-09-08|USD|8958000000|16485000000|7527000000|7527000000|2844000000|6114000000||6114000000||-302000000||302000000|0|81000000|||2686000000|188000000|302000000|2509000000|1825000000|2988000000||2498000000|PEP
2018-06-16|USD|8827000000|16090000000|7263000000|7263000000|3028000000|5799000000||5655000000||-308000000||308000000|144000000||||2890000000|1070000000|308000000|1830000000|957000000|3198000000||1820000000|PEP
2018-03-31|USD|6907000000|12562000000|5655000000|5655000000|1807000000|5100000000|680000000|4955000000||-294000000||294000000|145000000|69000000||496000000|1647000000|304000000|294000000|1353000000|1683000000|1941000000|2447000000|1343000000|PEP
2017-12-31|USD|10447000000|19526000000|9079000000|9079000000|2570000000|7877000000|737000000|10848000000||-365000000||365000000||103000000||765000000|2316000000|3026000000|365000000|-695000000|-892000000|2681000000|2696000000|-710000000|PEP
2017-09-09|USD|8872000000|16240000000|7368000000|7368000000|2924000000|5948000000||5948000000||-269000000||269000000|||||2764000000|620000000|269000000|2156000000|2443000000|3033000000||2144000000|PEP
2017-06-17|USD|8651000000|15710000000|7059000000|7059000000|2919000000|5732000000||5664000000||-265000000||265000000||||16000000|2761000000|656000000|265000000|2118000000|2347000000|3026000000|3042000000|2105000000|PEP
2017-03-31|USD|6759000000|12049000000|5290000000|5290000000|1863000000|4896000000||4830000000||-252000000||252000000||40000000||13000000|1710000000|392000000|252000000|1329000000|1821000000|1962000000|1975000000|1318000000|PEP
2016-12-31|USD|10558000000|20263000000|19522000000|8957000000|2400000000|8207000000|760000000|11338000000||-594000000||594000000||44000000||2249000000|1815000000|414000000|361000000|1417000000|311000000|2409000000|4658000000|1401000000|PEP
2016-09-03|USD|8743000000|15780000000|13206000000|7284000000|2821000000|5904000000||5922000000||-247000000||247000000||||18000000|2592000000|600000000|247000000|2004000000|1976000000|2839000000|2857000000|1992000000|PEP
2016-06-11|USD|8565000000|15140000000|12431000000|6830000000|2964000000|5584000000||5601000000||-255000000||255000000||||17000000|2723000000|718000000|255000000|2013000000|2761000000|2978000000|2995000000|2005000000|PEP
2016-03-19|USD|6711000000|11616000000|10273000000|5151000000|1619000000|5078000000||5122000000||-246000000||246000000||||14000000|1373000000|442000000|246000000|945000000|681000000|1619000000|1633000000|931000000|PEP
2015-12-31|USD|10098000000|18268000000|18728000000|8487000000|2240000000|7911000000|754000000|11342000000||-317000000||317000000||28000000||2288000000|1936000000|218000000|317000000|1733000000|913000000|2253000000|4541000000|1718000000|PEP
2015-09-05|USD|8841000000|16106000000|13608000000|7490000000|1416000000|6048000000||6118000000||-225000000||225000000||||18000000|1183000000|650000000|225000000|543000000|-880000000|1408000000|1426000000|533000000|PEP
2015-06-13|USD|8672000000|15706000000|13048000000|7251000000|2900000000|5753000000||5797000000||-217000000||217000000||||19000000|2683000000|703000000|217000000|1994000000|2445000000|2900000000|2919000000|1980000000|PEP
2015-03-21|USD|6714000000|12006000000|10420000000|5503000000|1797000000|4901000000||4978000000||-211000000||211000000||15000000||16000000|1591000000|370000000|211000000|1231000000|324000000|1802000000|1818000000|1221000000|PEP
2014-12-31|USD|10230000000|19664000000|20425000000|9718000000|2031000000|8172000000|718000000|11779000000||-284000000||284000000||34000000||2468000000|1766000000|455000000|284000000|1326000000|-3212000000|2050000000|4518000000|1311000000|PEP
2014-09-06|USD|9223000000|17003000000|14371000000|7995000000|2847000000|6354000000||6376000000||-215000000||215000000||||22000000|2645000000|637000000|215000000|2018000000|1343000000|2860000000|2882000000|2008000000|PEP
2014-06-14|USD|9116000000|16685000000|13998000000|7778000000|2896000000|6198000000||6220000000||-209000000||209000000||||22000000|2696000000|718000000|209000000|1987000000|2437000000|2905000000|2927000000|1978000000|PEP
2014-03-22|USD|6876000000|12422000000|10816000000|5747000000|1807000000|5048000000||5270000000||-201000000||201000000||10000000||21000000|1605000000|389000000|201000000|1227000000|403000000|1806000000|1827000000|1216000000|PEP
2013-12-31|USD|28516000000|19849000000|20164000000|9565000000|2398000000|8120000000|665000000|12172000000||-269000000||269000000||35000000||2478000000|2152000000|410000000|269000000|1754000000|3522000000|2421000000|4899000000|1742000000|PEP
2013-09-07|USD|2560000000|16689000000|14129000000|7946000000|2780000000|6158000000||6403000000||-220000000||220000000||||25000000|2567000000|654000000|220000000|1923000000|1281000000|2787000000|2812000000|1913000000|PEP
2013-06-15|USD|2661000000|16599000000|13938000000|7898000000|2869000000|6013000000||6248000000||-208000000||208000000||||27000000|2664000000|654000000|208000000|2025000000|1342000000|2872000000|2899000000|2010000000|PEP
2013-03-23|USD|1443000000|12367000000|10924000000|5834000000|1658000000|5066000000||5530000000||-214000000||214000000||27000000||23000000|1461000000|386000000|214000000|1085000000|955000000|1675000000|1698000000|1075000000|PEP
2012-12-31|USD|28083000000|19666000000|-195000000|9654000000|2213000000|8050000000|552000000|-195000000||-288000000||288000000||44000000||2488000000|1963000000|302000000|288000000|390000000|2260000000|2251000000|4739000000|1661000000|PEP
2012-09-08|USD|2596000000|16448000000|13852000000|7833000000|2800000000|5992000000||6292000000||-204000000||204000000||||27000000|2608000000|706000000|204000000|1913000000|2452000000|2812000000|2839000000|1902000000|PEP
2012-06-16|USD|2168000000|16249000000|14081000000|7915000000|2377000000|6136000000||6444000000||-209000000||209000000||||30000000|2156000000|668000000|209000000|1501000000|-684000000|2365000000|2395000000|1488000000|PEP
2012-03-31|USD|1529000000|12230000000|10701000000|5889000000|1722000000|4792000000||5189000000||-198000000||198000000||23000000||25000000|1541000000|414000000|198000000|1133000000|2892000000|1739000000|1764000000|1127000000|PEP
2011-12-31|USD|-1034000000|19886000000|20920000000|9731000000|2247000000|8150000000|525000000|12525000000||-272000000||272000000||24000000||2501000000|2012000000|597000000|272000000|1402000000|-2014000000|2284000000|4785000000|1415000000|PEP
2011-09-03|USD|-16000000|17377000000|14676000000|8452000000|2906000000|6186000000||16000000||-205000000||205000000||||38000000|2686000000|686000000|16000000|-16000000|1454000000|2891000000|2929000000|2000000000|PEP
2011-06-11|USD|2555000000|16628000000|14073000000|7963000000|2754000000|6070000000||6385000000||-199000000||199000000||||40000000|2555000000|670000000|199000000|1905000000|2666000000|2754000000|2794000000|1885000000|PEP
2011-03-19|USD|1546000000|11757000000|10211000000|5447000000|1726000000|4739000000||5063000000|17000000|-180000000||180000000||||25000000|1562000000|419000000|180000000|1144000000|1738000000|1742000000|1767000000|1143000000|PEP
2010-12-31|USD|-178000000|17747000000|17472000000|8359000000|2231000000|7526000000|488000000|178000000||-178000000|230000000|408000000||42000000||2132000000|1876000000|511000000|178000000|-178000000|2093000000|2284000000|4416000000|1365000000|PEP
2010-09-04|USD|2631000000|15345000000|12714000000|7008000000|2800000000|5676000000||5875000000||-169000000||169000000||||30000000|2651000000|729000000|169000000|1930000000|1790000000|2820000000|2850000000|1922000000|PEP
2010-06-12|USD|2289000000|14629000000|12340000000|6745000000|2461000000|5563000000||5767000000||-172000000||172000000||||32000000|2290000000|687000000|172000000|1613000000|946000000|2462000000|2494000000|1603000000|PEP
2010-03-20|USD|1499000000|10172000000|8673000000|4463000000|840000000|4049000000||4477000000|6000000|-154000000||154000000||||16000000|1397000000|-33000000|154000000|1434000000|1655000000|1551000000|1567000000|1430000000|PEP
2009-12-31|USD|1922000000|13185000000|11263000000|6293000000|2034000000|4949000000|414000000|5215000000|23000000|-112000000||112000000||||1530000000|2017000000|583000000|112000000|1437000000|1902000000|2129000000|3659000000|1434000000|PEP
2009-09-05|USD|2146000000|10994000000|8848000000|5181000000|2232000000|3649000000||3753000000|16000000|-86000000||86000000||||18000000|2292000000|575000000|86000000|1733000000|1893000000|2378000000|2396000000|1717000000|PEP
2009-06-13|USD||||4881000000|2190000000|3507000000||||||101000000|||||2228000000|568000000|||2920000000|2329000000||1660000000|PEP
2009-03-21|USD|4519000000|8263000000|3744000000|3744000000|1588000000|2921000000||2931000000||||98000000||||314000000|1509000000|374000000|||131000000|1607000000|1927000000|1135000000|PEP
2008-12-31|USD|6558000000|12729000000|6171000000|6171000000|1220000000|5317000000|388000000|5345000000||||124000000||||488000000|1012000000|293000000|||-3030000000|1136000000|2116000000|719000000|PEP
2008-09-06|USD||||5268000000|1991000000|3972000000||||||73000000|||||2126000000|550000000|||1104000000|2199000000||1576000000|PEP
