fiscalDateEnding|reportedCurrency|grossProfit|totalRevenue|costOfRevenue|costofGoodsAndServicesSold|operatingIncome|sellingGeneralAndAdministrative|researchAndDevelopment|operatingExpenses|investmentIncomeNet|netInterestIncome|interestIncome|interestExpense|nonInterestIncome|otherNonOperatingIncome|depreciation|depreciationAndAmortization|incomeBeforeTax|incomeTaxExpense|interestAndDebtExpense|netIncomeFromContinuingOperations|comprehensiveIncomeNetOfTax|ebit|ebitda|netIncome|ticker
2024-09-30|USD|689000000|1081000000|392000000|165000000|313000000|32000000||401000000||-114000000||114000000|1081000000|0||195000000|233000000|-62000000|114000000|295000000|291000000|313000000|508000000|295000000|LNT
2024-06-30|USD|359000000|786000000|427000000|147000000|130000000|32000000||457000000||-108000000||108000000|894000000|-2000000||188000000|54000000|-33000000|108000000|87000000|88000000|162000000|350000000|87000000|LNT
2024-03-31|USD|548000000|924000000|376000000|152000000|222000000|35000000||384000000||-107000000||107000000|1031000000|-1000000||189000000|148000000|-10000000|107000000|158000000|159000000|255000000|444000000|158000000|LNT
2023-12-31|USD|894000000|1250000000|356000000|145000000|183000000|30000000||387000000||-105000000||105000000|961000000|-1000000||173000000|122000000|1000000|105000000|121000000|118000000|227000000|400000000|121000000|LNT
2023-09-30|USD|622000000|978000000|356000000|154000000|322000000|32000000||362000000||-99000000||99000000|1077000000|-1000000||170000000|264000000|5000000|99000000|259000000|260000000|363000000|533000000|259000000|LNT
2023-06-30|USD|480000000|816000000|336000000|138000000|217000000|31000000||361000000||-96000000||96000000|912000000|1000000||167000000|160000000|0|96000000|160000000|164000000|256000000|423000000|160000000|LNT
2023-03-31|USD|637000000|983000000|346000000|146000000|222000000|34000000||374000000||-94000000||94000000|1077000000|-3000000||166000000|161000000|-2000000|94000000|163000000|162000000|255000000|421000000|163000000|LNT
2022-12-31|USD|938000000|1293000000|355000000|145000000|159000000|32000000||422000000||-90000000||90000000|1058000000|-6000000||170000000|103000000|-4000000|90000000|107000000|107000000|193000000|363000000|107000000|LNT
2022-09-30|USD|695000000|1052000000|357000000|157000000|309000000|31000000||372000000||-83000000||83000000|1135000000|0||169000000|241000000|14000000|83000000|227000000|227000000|324000000|493000000|227000000|LNT
2022-06-30|USD|536000000|865000000|329000000|133000000|212000000|30000000||362000000||-78000000||78000000|943000000|0||166000000|163000000|4000000|78000000|159000000|159000000|241000000|407000000|159000000|LNT
2022-03-31|USD|659000000|994000000|335000000|138000000|248000000|31000000||350000000||-74000000||74000000|1068000000|0||166000000|200000000|8000000|74000000|192000000|192000000|274000000|440000000|192000000|LNT
2021-12-31|USD|804000000|1133000000|329000000|134000000|132000000|31000000||394000000||-71000000||71000000|927000000|2000000||163000000|87000000|-8000000|71000000|95000000|96000000|158000000|321000000|95000000|LNT
2021-09-30|USD|613000000|956000000|343000000|148000000|289000000|30000000||366000000||-68000000||68000000|1024000000|-3000000||165000000|238000000|-21000000|68000000|259000000|259000000|306000000|471000000|259000000|LNT
2021-06-30|USD|434000000|748000000|314000000|121000000|176000000|28000000||353000000||-69000000||69000000|817000000|-2000000||165000000|129000000|-17000000|69000000|146000000|146000000|198000000|363000000|146000000|LNT
2021-03-31|USD|505000000|832000000|327000000|134000000|198000000|29000000||339000000||-69000000||69000000|901000000|-2000000||164000000|146000000|-28000000|69000000|174000000|174000000|215000000|379000000|174000000|LNT
2020-12-31|USD|706000000|1024000000|318000000|123000000|112000000|32000000||400000000||-68000000||68000000|817000000|-7000000||161000000|56000000|-10000000|68000000|66000000|66000000|124000000|285000000|66000000|LNT
2020-09-30|USD|532000000|852000000|320000000|132000000|272000000|32000000||331000000||-68000000||68000000|920000000|-3000000||156000000|229000000|-20000000|68000000|249000000|249000000|297000000|453000000|249000000|LNT
2020-06-30|USD|440000000|693500000|253500000|72000000|168000000|29800000||341700000||-69600000|400000|70000000|763100000|-3000000||152000000|128000000|-8000000|69600000|136900000|134300000|198000000|350000000|136000000|LNT
2020-03-31|USD|546300000|846800000|300500000|122000000|188000000|30300000||340500000||-68900000|100000|69000000|915700000|-1000000||146000000|154000000|-19000000|68900000|172600000|173300000|223000000|369000000|173000000|LNT
2019-12-31|USD|880100000|880100000|300600000|118000000|160900000|36900000||367100000||-69100000|-100000|69000000|880100000|-4000000||143000000|133000000|20000000|69100000|103800000|160900000|202000000|345000000|113000000|LNT
2019-09-30|USD|615700000|990200000|306200000|127000000|290000000|34900000||352400000||-68300000|-300000|68000000|990200000|-4000000||144000000|252000000|23000000|68300000|228600000|228600000|320000000|464000000|229000000|LNT
2019-06-30|USD|434700000|790200000|286300000|112400000|149800000|31000000||346200000||-69200000|38200000|69200000|790200000|-3300000||142900000|108300000|11200000|69200000|97100000|95700000|177500000|320400000|97100000|LNT
2019-03-31|USD|407000000|987200000|513900000|123000000|176800000|34000000||353700000||-66300000|30000000|66300000|987200000|-4000000||136900000|142800000|15100000|66300000|127700000|128400000|209100000|346000000|127700000|LNT
2018-12-31|USD|873500000|873500000|503400000|120800000|121400000|30700000||344400000||-63200000||63200000|873500000|-2000000||130600000|93400000|5900000|63200000|85300000|121400000|156600000|287200000|87500000|LNT
2018-09-30|USD|348300000|928600000|517000000|129100000|256100000|31100000||308500000||-63300000||63300000|928600000|-1600000||129000000|219800000|11700000|63300000|205500000|208100000|283100000|412100000|208100000|LNT
2018-06-30|USD|331600000|816100000|484500000|119700000|151200000|29300000||314300000||-61300000||61300000|816100000|-2000000||127000000|116500000|13600000|61300000|100400000|102900000|177800000|304800000|102900000|LNT
2018-03-31|USD|436000000|916300000|480300000|126400000|165700000|30300000||313100000||-59200000||59200000|916300000|-2400000||120400000|140300000|16800000|59200000|120900000|123500000|199500000|319900000|123500000|LNT
2017-12-31|USD|856100000|856100000|502600000|-497100000|134000000|56500000||365500000||-56600000||56600000|856100000|-4200000||119100000|98100000|1800000|56600000|93800000|129700000|154700000|273800000|96300000|LNT
2017-09-30|USD|410500000|906900000|496400000|343600000|236300000|32100000||321900000||-53900000||53900000|906900000|-4600000||120700000|197500000|26100000|53900000|168800000|171400000|251400000|372100000|171400000|LNT
2017-06-30|USD|315100000|765300000|450200000|301900000|153700000|33300000||293400000||-52800000||52800000|765300000|-4300000||115000000|118000000|21200000|52800000|94300000|96800000|170800000|285800000|96800000|LNT
2017-03-31|USD|378300000|853900000|475600000|332500000|147200000|36100000||296000000||-52300000||52300000|853900000|-4200000||107000000|120600000|17600000|52300000|99000000|103000000|172900000|279900000|103000000|LNT
2016-12-31|USD|797000000|797000000|475700000|338800000|99900000|32400000||305200000||-51400000||51400000||-16900000||102900000|77400000|12200000|51400000|63000000|99900000|128800000|231700000|65200000|LNT
2016-09-30|USD|313700000|924600000|610900000|384500000|162600000|35900000||375000000||-48800000||48800000||100000||104100000|138500000|7500000|48800000|128800000|131000000|187300000|291400000|131000000|LNT
2016-06-30|USD|284900000|754600000|469700000|329800000|128600000|37800000||284400000||-48000000||48000000||0||102100000|104500000|18100000|48000000|84400000|86400000|152500000|254600000|86400000|LNT
2016-03-31|USD|373100000|843800000|470700000|328800000|145900000|37800000||287000000||-48000000||48000000||200000||102500000|120700000|21600000|48000000|97600000|99100000|168700000|271200000|99100000|LNT
2015-12-31|USD|740100000|740100000|455500000|308400000|79200000|36200000||320300000||-47600000||47600000||300000||101400000|47500000|10900000|47600000|35200000|79200000|95100000|196500000|36600000|LNT
2015-09-30|USD|385900000|898900000|513000000|373400000|235900000|32300000||290700000||-46400000||46400000||100000||99300000|210300000|27800000|46400000|180000000|182500000|256700000|356000000|182500000|LNT
2015-06-30|USD|280300000|717200000|436900000|302100000|109000000|34400000||134800000||-46500000||46500000||200000||100400000|81300000|11200000|46500000|68900000|70100000|127800000|228200000|70100000|LNT
2015-03-31|USD|420700000|897400000|476700000|339100000|152900000|36400000||138900000||-46600000||46600000||100000||100200000|119700000|20500000|46600000|96600000|99200000|166300000|266500000|99200000|LNT
2014-12-31|USD|804100000|804100000|264700000|113900000|91300000|50400000||152100000||-45700000||45700000||0||99700000|60600000|-1900000|45700000|60200000|91300000|106300000|206000000|62500000|LNT
2014-09-30|USD|599900000|843100000|243200000|114000000|194800000|32100000||131500000||-44600000||44600000||200000||97100000|168300000|12400000|44600000|155200000|155900000|212900000|310000000|155900000|LNT
2014-06-30|USD|515700000|750300000|234600000|105500000|103300000|33300000||130900000||-45100000||45100000||-100000||95800000|77500000|13200000|45100000|62100000|64300000|122600000|218400000|64300000|LNT
2014-03-31|USD|716100000|952800000|236700000|114100000|154200000|26100000||169100000||-45200000||45200000||1700000||95500000|131200000|20600000|45200000|108000000|110600000|176400000|271900000|110600000|LNT
2013-12-31|USD|832600000|832600000|215600000|104500000|108600000|16700000||162800000||-45200000||45200000||-1300000||93500000|81800000|13700000|45200000|66500000|108600000|127000000|220500000|68100000|LNT
2013-09-30|USD|635100000|866600000|231500000|110500000|201400000|28900000||166600000||-42500000||42500000||600000||92100000|177800000|17600000|42500000|158900000|160200000|220300000|312400000|160200000|LNT
2013-06-30|USD|500500000|718000000|217500000|99600000|103200000|25200000||163500000||-42500000||42500000||300000||92700000|78300000|10500000|42500000|65900000|67800000|120800000|213500000|67800000|LNT
2013-03-31|USD|633500000|859600000|226100000|103700000|120700000|28800000||167200000||-42600000||42600000||800000||92600000|92200000|12100000|42600000|72900000|80100000|134800000|227400000|80100000|LNT
2012-12-31|USD|750900000|750900000|203000000|85600000|101600000|31600000||165600000||-40900000||40900000||1600000||85000000|77900000|5600000|40900000|71100000|169900000|118800000|203800000|72300000|LNT
2012-09-30|USD|685400000|887600000|202200000|94900000|213700000|23700000||149300000||-38300000||38300000||700000||83600000|194000000|39300000|38300000|149000000|154700000|232300000|315900000|154700000|LNT
2012-06-30|USD|505600000|690300000|184700000|79400000|108800000|24500000||144600000||-38600000||38600000||600000||80800000|86600000|16800000|38600000|65500000|69800000|125200000|206000000|69800000|LNT
2012-03-31|USD|573500000|765700000|192200000|81400000|95600000|26900000||153900000||-38900000||38900000||1100000||83000000|66600000|27700000|38900000|39300000|38900000|105500000|188500000|38900000|LNT
2011-12-31|USD|879200000|760800000|193000000|81200000|106000000|29400000||289100000||-38600000||38600000||2100000||81000000|75700000|14700000|38600000|63900000|56800000|114300000|195300000|61000000|LNT
2011-09-30|USD|825900000|870900000|195700000|88900000|209400000|25500000||324000000||-38700000|100000|38800000||600000||80700000|169200000|43300000|38700000|136900000|122000000|208000000|288700000|125900000|LNT
2011-06-30|USD|629000000|712500000|190500000|80100000|70600000|28200000||258800000||-40400000||40400000||800000||81500000|44100000|-11200000|40400000|50300000|51900000|84500000|166000000|55300000|LNT
2011-03-31|USD|766500000|877200000|178500000|73600000|127300000|26100000||215400000||-40600000|-100000|40500000||800000||77800000|102100000|22400000|40600000|72000000|73500000|142600000|220400000|79700000|LNT
2010-12-31|USD|832600000|832600000|170100000|69000000|99800000|24700000||199700000||-40800000|-200000|40600000||3700000||72400000|77900000|25900000|40800000|47000000|47600000|118500000|190900000|52000000|LNT
2010-09-30|USD|775000000|951700000|176700000|77100000|246600000|24200000||181900000||-41900000||41900000||600000||75400000|217800000|64100000|41900000|150900000|149700000|259700000|335100000|153700000|LNT
2010-06-30|USD|580400000|741600000|161200000|71100000|100700000|25000000||162800000||-39600000||39600000||-500000||65100000|75500000|23000000|39600000|48000000|46900000|115100000|180200000|52500000|LNT
2010-03-31|USD|398900000|890200000|492400000|492400000|109000000|||289700000||||40700000||800000||74400000|82800000|34700000||43400000||123500000|197900000|48100000|LNT
2009-12-31|USD|444600000|853700000|410300000|410300000|100700000|||343800000||||41100000||500000||73400000|75600000|17300000||52200000||116700000|190100000|58300000|LNT
2009-09-30|USD|480400000|884000000|405300000|405300000|159400000|||320500000||||42400000||1200000||69500000|-61900000|-22200000||-43600000||-19500000|50000000|-39700000|LNT
2009-06-30|USD|392300000|740800000|350000000|350000000|62400000|||329500000||||35700000||1500000||66200000|48200000|14400000||29000000||83900000|150100000|33800000|LNT
