fiscalDateEnding|reportedCurrency|grossProfit|totalRevenue|costOfRevenue|costofGoodsAndServicesSold|operatingIncome|sellingGeneralAndAdministrative|researchAndDevelopment|operatingExpenses|investmentIncomeNet|netInterestIncome|interestIncome|interestExpense|nonInterestIncome|otherNonOperatingIncome|depreciation|depreciationAndAmortization|incomeBeforeTax|incomeTaxExpense|interestAndDebtExpense|netIncomeFromContinuingOperations|comprehensiveIncomeNetOfTax|ebit|ebitda|netIncome|ticker
2024-09-30|USD|1730000000|1856000000|126000000|1000000|424000000|125000000||125000000||-195000000||195000000|1849000000|15000000||334000000|245000000|52000000||193000000|193000000|424000000|774000000|193000000|CNP
2024-03-31|USD|2475000000|2620000000|145000000|1000000|616000000|144000000||144000000||-204000000||204000000|2594000000|14000000||363000000|428000000|78000000||350000000|354000000|616000000|976000000|350000000|CNP
2023-12-31|USD|1866000000|2182000000|316000000|1000000|321000000|130000000||347000000||-201000000||201000000|2051000000|-2000000||359000000|117000000|-75000000|212000000|192000000|1280000000|321000000|677000000|192000000|CNP
2023-09-30|USD|1732000000|1860000000|128000000|1000000|518000000|127000000||127000000||-183000000|181000000|183000000|1864000000|13000000||374000000|350000000|68000000|176000000|282000000|285000000|518000000|905000000|282000000|CNP
2023-06-30|USD|1688000000|1875000000|187000000|57000000|380000000|130000000||130000000||-167000000|164000000|167000000|1872000000|13000000||122085|217000000|99000000|165000000|118000000|118000000|380000000|742000000|118000000|CNP
2023-03-31|USD|2601000000|2779000000|178000000|40000000|541000000|138000000||138000000||-150000000|151000000|150000000|2761000000|13000000||41584|403000000|78000000|148000000|325000000|324000000|541000000|873000000|325000000|CNP
2022-12-31|USD|2296000000|2711000000|415000000|61000000|354000000|142000000||70000000||-138000000|137000000|138000000|3652000000|-51000000||54880|166000000|32000000|136000000|134000000|160000000|354000000|617000000|134000000|CNP
2022-09-30|USD|1732000000|1903000000|171000000|52000000|384000000|119000000||119000000||-119000000|115000000|119000000|1906000000|8000000||27081|277000000|75000000|116000000|202000000|204000000|384000000|721000000|202000000|CNP
2022-06-30|USD|1753000000|1944000000|191000000|56000000|351000000|135000000||135000000||-110000000|106000000|110000000|1959000000|-1000000||86065|244000000|54000000|106000000|190000000|167000000|351000000|677000000|190000000|CNP
2022-03-31|USD|2581000000|2763000000|182000000|35000000|477000000|147000000||147000000||-157000000|68000000|157000000|2788000000|18000000||60459|730000000|199000000|153000000|531000000|533000000|477000000|813000000|531000000|CNP
2021-12-31|USD|1895000000|2314000000|419000000|49000000|336000000|134000000||371000000||-167000000|289000000|167000000|3052000000|4000000||212000000|701000000|47000000|128000000|38000000|575000000|336000000|548000000|654000000|CNP
2021-09-30|USD|1563000000|1749000000|186000000|61000000|278000000|125000000||125000000||-12000000|120000000|12000000|1740000000|17000000||54000|251000000|33000000|114000000|150000000|223000000|278000000|649000000|218000000|CNP
2021-06-30|USD|1558000000|1742000000|184000000|58000000|296000000|126000000||126000000||-8000000|59000000|8000000|1638000000|18000000||55806|232000000|-19000000|126000000|200000000|253000000|296000000|928000000|251000000|CNP
2021-03-31|USD|2364000000|2547000000|183000000|40000000|453000000|143000000||143000000||-7000000|8000000|7000000|2567000000|19000000||55213|412000000|49000000|140000000|280000000|366000000|453000000|860000000|363000000|CNP
2020-12-31|USD|1688000000|2054000000|366000000|61000000|285000000|129000000||325000000||-5000000|1000000|5000000|1996000000|17000000||156000000|247000000|47000000|113000000|136000000|143000000|285000000|408000000|200000000|CNP
2020-09-30|USD|1437000000|1622000000|185000000|63000000|302000000|122000000||122000000||259000000|195000000|-259000000|1526000000|11000000||0|106000000|-15000000|121000000|199000000|71000000|302000000|-153000000|121000000|CNP
2020-06-30|USD|1377000000|1575000000|198000000|69000000|235000000|129000000||129000000||-128000000|1000000|128000000|1490000000|22000000||0|134000000|29000000|128000000|135000000|75000000|235000000|262000000|105000000|CNP
2020-03-31|USD|1781000000|2167000000|386000000|64000000|217000000|136000000||322000000||-146000000|1000000|146000000|2351000000|14000000||1000000|-1546000000|-347000000|139000000|-1053000000|-1230000000|217000000|-1399000000|-1199000000|CNP
2019-12-31|USD|3230000000|3230000000|1485000000|69000000|302000000|125000000||481000000||-7000000|206000000|7000000|2442000000|31000000||276000000|112000000|-45000000|139000000|-30000000|137000000|302000000|395000000|157000000|CNP
2019-09-30|USD|1776000000|1658000000|966000000|80000000|357000000|114000000||114000000||-8000000|131000000|8000000|2100000000|5000000||7000000|316000000|46000000|134000000|251000000|239000000|357000000|331000000|270000000|CNP
2019-06-30|USD|1775000000|1658000000|1023000000|61000000|229000000|113000000||113000000||-134000000|142000000|134000000|2074000000|9000000||3000000|210000000|15000000|134000000|151000000|167000000|229000000|347000000|195000000|CNP
2019-03-31|USD|2145000000|2229000000|1386000000|47000000|211000000|126000000||135000000||-12000000|146000000|12000000|2457000000|6000000||9000000|183000000|14000000|121000000|143000000|141000000|211000000|204000000|169000000|CNP
2018-12-31|USD|3036000000|3036000000|2092000000|-2887000000|167000000|108000000||668000000||-14000000||14000000|1908000000|6000000||534000000|190000000|70000000|102000000|148000000|50000000|167000000|738000000|120000000|CNP
2018-09-30|USD|1251000000|2212000000|961000000|864000000|226000000|95000000||97000000||-16000000||16000000|1343000000|9000000||2000000|209000000|51000000|90000000|158000000|162000000|226000000|227000000|158000000|CNP
2018-06-30|USD|1293000000|2186000000|893000000|790000000|187000000|101000000||103000000||-12000000||12000000|1197000000|4000000||2000000|-88000000|-13000000|91000000|-75000000|-74000000|187000000|-74000000|-75000000|CNP
2018-03-31|USD|1767000000|3155000000|1388000000|1273000000|251000000|111000000||114000000||-6000000||6000000|2096000000|3000000||3000000|212000000|47000000|78000000|165000000|170000000|251000000|221000000|165000000|CNP
2017-12-31|USD|2638000000|2638000000|1079000000|942000000|308000000|116000000||151000000||-6000000||6000000|176000000|-2000000||8000000|286000000|-1010000000|78000000|296000000|1300000000|308000000|300000000|1296000000|CNP
2017-09-30|USD|1173000000|2098000000|925000000|832000000|297000000|93000000||93000000||-6000000||6000000|-15000000|-1000000||2000000|267000000|98000000|80000000|169000000|167000000|297000000|275000000|169000000|CNP
2017-06-30|USD|1162000000|2143000000|981000000|882000000|240000000|99000000||99000000||-6000000||6000000|14000000|-1000000||1000000|211000000|76000000|77000000|135000000|136000000|240000000|218000000|135000000|CNP
2017-03-31|USD|1510000000|2735000000|1225000000|1129000000|291000000|96000000||96000000||-6000000||6000000|19000000|0||2000000|299000000|107000000|78000000|192000000|192000000|291000000|307000000|192000000|CNP
2016-12-31|USD|2081000000|2081000000|109000000|-49000000|243000000|147000000||164000000||-15000000||15000000|-139000000|-70000000||253000000|162000000|61000000|82000000|243000000|94000000|243000000|528000000|101000000|CNP
2016-09-30|USD|1113000000|1889000000|776000000|683000000|284000000|93000000||93000000||-6000000||6000000|-54000000|20000000||324000000|276000000|97000000|83000000|179000000|182000000|284000000|701000000|179000000|CNP
2016-06-30|USD|984000000|1574000000|590000000|496000000|182000000|94000000||94000000||-7000000||7000000|-121000000|14000000||289000000|8000000|10000000|86000000|-2000000|-4000000|182000000|516000000|-2000000|CNP
2016-03-31|USD|1030000000|1984000000|954000000|853000000|250000000|101000000||101000000||-6000000||6000000|-47000000|7000000||260000000|240000000|86000000|87000000|154000000|155000000|250000000|577000000|154000000|CNP
2015-12-31|USD|1791000000|1791000000|830000000|692000000|226000000|132000000||157000000||-16000000||16000000|25000000|10000000||246000000|-818000000|-309000000|86000000|226000000|-494000000|226000000|-458000000|-509000000|CNP
2015-09-30|USD|1012000000|1630000000|618000000|527000000|265000000|91000000||91000000||-7000000||7000000|138000000|12000000||268000000|-635000000|-244000000|88000000|-391000000|-390000000|265000000|-249000000|-391000000|CNP
2015-06-30|USD|913000000|1532000000|619000000|529000000|186000000|90000000||90000000||-7000000||7000000|-83000000|13000000||239000000|114000000|37000000|89000000|77000000|79000000|186000000|481000000|77000000|CNP
2015-03-31|USD|969000000|2433000000|1464000000|1356000000|256000000|108000000||108000000||-7000000||7000000|23000000|11000000||217000000|209000000|78000000|89000000|131000000|133000000|256000000|536000000|131000000|CNP
2014-12-31|USD|2372000000|2372000000|1460000000|1302000000|221000000|153000000||180000000||-18000000||18000000|-47000000|8000000||229000000|209000000|33000000|92000000|221000000|175000000|221000000|519000000|176000000|CNP
2014-09-30|USD|1019000000|1807000000|788000000|702000000|233000000|86000000||86000000||-7000000||7000000|-4000000|10000000||293000000|213000000|70000000|88000000|143000000|145000000|233000000|615000000|143000000|CNP
2014-06-30|USD|911000000|1884000000|973000000|880000000|186000000|93000000||1698000000||-7000000||7000000|-41000000|9000000||7000000|169000000|62000000|89000000|107000000|109000000|186000000|183000000|107000000|CNP
2014-03-31|USD|1002000000|3163000000|2161000000|2043000000|295000000|111000000||2868000000||-7000000||7000000|52000000|9000000||7000000|294000000|109000000|84000000|185000000|186000000|295000000|308000000|185000000|CNP
2013-12-31|USD|2184000000|2184000000|1791000000|1237000000|211000000|119000000||1973000000||-18000000||18000000|-73000000|7000000||430000000|175000000|62000000|82000000|211000000|150000000|211000000|623000000|113000000|CNP
2013-09-30|USD|956000000|1640000000|684000000|595000000|244000000|89000000||1396000000||-7000000||7000000|-33000000|11000000||7000000|229000000|78000000|86000000|151000000|154000000|244000000|243000000|151000000|CNP
2013-06-30|USD|950000000|1894000000|944000000|852000000|223000000|92000000||1671000000||-8000000||8000000|-18000000|0||8000000|144000000|244000000|85000000|-100000000|-98000000|223000000|160000000|-100000000|CNP
2013-03-31|USD|1048000000|2388000000|1340000000|1224000000|332000000|108000000||2056000000||-8000000||8000000|-49000000|6000000||8000000|233000000|86000000|98000000|147000000|150000000|332000000|249000000|147000000|CNP
2012-12-31|USD|2138000000|2138000000|822000000|975000000|310000000|120000000||1828000000||-9000000||9000000|7000000|10000000||-280000000|210000000|76000000|104000000|310000000|124000000|310000000|-61000000|134000000|CNP
2012-09-30|USD|546000000|1705000000|1159000000|520000000|88000000|86000000||1617000000||-8000000||8000000|-49000000|12000000||301000000|128000000|118000000|104000000|10000000|13000000|88000000|437000000|10000000|CNP
2012-06-30|USD|753000000|1525000000|772000000|409000000|302000000|88000000||1223000000||-7000000||7000000||10000000||275000000|200000000|74000000|104000000|126000000|129000000|302000000|482000000|126000000|CNP
2012-03-31|USD|789000000|2084000000|1295000000|973000000|338000000|98000000||1746000000||-8000000||8000000||6000000||224000000|219000000|72000000|110000000|147000000|149000000|338000000|451000000|147000000|CNP
2011-12-31|USD|2145000000|2145000000|1421000000|1070000000|274000000|137000000||1871000000||-8000000||8000000||4000000||209000000|159000000|42000000|115000000|274000000|94000000|274000000|376000000|117000000|CNP
2011-09-30|USD|805000000|1881000000|1076000000|735000000|357000000|88000000||1524000000||-7000000||7000000||10000000||253000000|1177000000|204000000|114000000|386000000|975000000|357000000|1437000000|973000000|CNP
2011-06-30|USD|749000000|1837000000|1088000000|778000000|303000000|87000000||1534000000||-8000000||8000000||4000000||223000000|190000000|71000000|111000000|127000000|122000000|303000000|421000000|119000000|CNP
2011-03-31|USD|803000000|2587000000|1784000000|1476000000|364000000|107000000||2223000000||-7000000||7000000||5000000||201000000|235000000|87000000|116000000|154000000|150000000|364000000|443000000|148000000|CNP
2010-12-31|USD|2098000000|2098000000|1427000000|1053000000|302000000|165000000||1796000000||-6000000||6000000|21000000|5000000||204000000|164000000|40000000|117000000|302000000|123000000|302000000|374000000|124000000|CNP
2010-09-30|USD|771000000|1908000000|1137000000|808000000|327000000|86000000||1581000000||||155000000||3000000||243000000|199000000|76000000|121000000|133000000|126000000|327000000|570000000|123000000|CNP
2010-06-30|USD|673000000|1756000000|1083000000|778000000|263000000|88000000||1493000000||||157000000||3000000||217000000|126000000|45000000|121000000|88000000|83000000|263000000|480000000|81000000|CNP
2010-03-31|USD|771000000|3023000000|2252000000|1935000000|357000000|117000000||2666000000||||158000000||1000000||200000000|216000000|102000000|122000000|119000000|117000000|357000000|557000000|114000000|CNP
2009-12-31|USD|2299000000|2299000000|1847000000|1290000000|299000000|91000000||2000000000||||162000000||8000000||181000000|152000000|47000000|129000000|299000000|112000000|299000000|480000000|105000000|CNP
2009-09-30|USD|786000000|1576000000|790000000|582000000|287000000|84000000||1289000000||||158000000||9000000||208000000|152000000|38000000|126000000|187000000|114000000|287000000|495000000|114000000|CNP
2009-06-30|USD|742000000|1640000000|898000000|710000000|253000000|91000000||1387000000||||162000000||18000000||188000000|129000000|43000000|129000000|183000000|86000000|253000000|441000000|86000000|CNP
2009-03-31|USD|977000000|2766000000|1789000000|1789000000|285000000|||2481000000||||162000000||4000000||166000000|115000000|48000000|129000000|||285000000|451000000|67000000|CNP
